Date,Campaign Group,Cost,Impressions ,Clicks ,CPC ,CTR ,Close Rate ,Quotes ,Sales ,CPQ ,CPS 
5/1/2020,Brand Search - Bing,7569.19,7837,1230,6.153813008,0.156947812,0.179856,278,50,27.22730216,151.3838
5/1/2020,Brand Search - Google,106154.7352,18778,9960,10.65810594,0.530407924,0.176743,4532,801,23.42337493,132.5277593
5/1/2020,Monetization ,795.35,73098,388,2.049871134,0.005307943,0,0,0,0,0
5/1/2020,NB Search - Bing,2961.78,4572,173,17.12011561,0.03783902,0.115385,52,6,56.95730769,493.63
5/1/2020,NB Search - Google,21909.53,9233,832,26.33356971,0.090111556,0.13785,428,59,51.19049065,371.3479661
5/1/2020,Prospecting - Discovery,17671.6845,1197930,65321,0.270536037,0.054528228,0.050847,295,15,59.90401525,1178.1123
5/1/2020,Prospecting - Facebook,16013.88,1603077,3180,5.035811321,0.001983685,0.035294,425,15,37.67971765,1067.592
5/1/2020,Prospecting - YouTube,0,0,0,0,0,0,3,0,0,0
5/1/2020,RT - Discovery,3038.8135,453788,7030,0.432263656,0.015491816,0.241379,29,7,104.7866724,434.1162143
5/1/2020,RT - Display,4964.4,333277,836,5.938277512,0.002508424,0.114754,61,7,81.38360656,709.2
5/1/2020,RT - Facebook,4892.98,196555,538,9.094758364,0.002737147,0.012658,79,1,61.9364557,4892.98
5/1/2020,RT - YouTube,0,0,0,0,0,0,0,0,0,0
5/2/2020,Brand Search - Bing,3723.87,6590,840,4.433178571,0.127465857,0.122222,180,22,20.68816667,169.2668182
5/2/2020,Brand Search - Google,62389.1917,11725,6395,9.755933026,0.545415778,0.152852,3173,485,19.66252496,128.6375087
5/2/2020,Monetization ,836.13,79603,374,2.235641711,0.004698315,0,0,0,0,0
5/2/2020,NB Search - Bing,2387.69,2977,137,17.42839416,0.046019483,0.038462,52,2,45.91711538,1193.845
5/2/2020,NB Search - Google,16790.71,6708,629,26.69429253,0.093768634,0.104101,317,33,52.96753943,508.8093939
5/2/2020,Prospecting - Discovery,15486.9986,1223194,54715,0.283048499,0.044731253,0.034335,233,8,66.46780515,1935.874825
5/2/2020,Prospecting - Facebook,7406.35,637032,1210,6.120950413,0.001899434,0.032864,213,7,34.77159624,1058.05
5/2/2020,Prospecting - Native,0,0,0,0,0,0,1,0,0,0
5/2/2020,Prospecting - YouTube,0,0,0,0,0,0,0,0,0,0
5/2/2020,RT - Discovery,3373.7415,426417,6222,0.542227821,0.014591351,0.181818,22,4,153.3518864,843.435375
5/2/2020,RT - Display,5878,322254,885,6.64180791,0.002746281,0.111111,63,7,93.3015873,839.7142857
5/2/2020,RT - Facebook,3956.25,180864,457,8.657002188,0.00252676,0.033898,59,2,67.05508475,1978.125
5/2/2020,RT - YouTube,0,0,0,0,0,0,0,0,0,0
5/3/2020,Brand Search - Bing,4050.95,8439,1033,3.921539206,0.122407868,0.097143,175,17,23.14828571,238.2911765
5/3/2020,Brand Search - Google,47360.695,9861,5264,8.997092515,0.533820099,0.095514,2586,247,18.31426721,191.7437045
5/3/2020,Monetization ,799.75,77224,416,1.922475962,0.005386926,0,0,0,0,0
5/3/2020,NB Search - Bing,1777.71,3191,120,14.81425,0.037605766,0.047619,42,2,42.32642857,888.855
5/3/2020,NB Search - Google,15046.97,5896,548,27.45797445,0.092944369,0.0625,288,18,52.24642361,835.9427778
5/3/2020,Prospecting - Discovery,15844.5193,1436557,57407,0.276003263,0.039961519,0.030405,296,9,53.52878142,1760.502144
5/3/2020,Prospecting - Facebook,8084.16,709689,1421,5.689064039,0.002002286,0.003984,251,1,32.20780876,8084.16
5/3/2020,Prospecting - YouTube,0,0,0,0,0,0,0,0,0,0
5/3/2020,RT - Discovery,3028.0625,371249,5668,0.534238267,0.015267381,0.117647,34,4,89.06066176,757.015625
5/3/2020,RT - Display,6379.5,346683,903,7.064784053,0.002604685,0.065574,61,4,104.5819672,1594.875
5/3/2020,RT - Facebook,4235.74,204918,502,8.437729084,0.00244976,0.043478,69,3,61.38753623,1411.913333
5/3/2020,RT - YouTube,0,0,0,0,0,0,0,0,0,0
5/4/2020,Brand Search - Bing,7040.75,17472,2082,3.381724304,0.119162088,0.179878,328,59,21.46570122,119.3347458
5/4/2020,Brand Search - Google,94501.64,18661,9754,9.688501128,0.522694389,0.14573,4426,645,21.35147763,146.5141705
5/4/2020,Monetization ,803.05,74891,415,1.935060241,0.005541387,0,0,0,0,0
5/4/2020,NB Search - Bing,3297.94,4855,210,15.70447619,0.043254377,0.071429,56,4,58.89178571,824.485
5/4/2020,NB Search - Google,23538.6,10482,874,26.93203661,0.083381034,0.063529,425,27,55.38494118,871.8
5/4/2020,Prospecting - Discovery,27837.1737,5193093,113732,0.244761138,0.021900628,0.050794,315,16,88.37198,1739.823356
5/4/2020,Prospecting - Display,0,0,0,0,0,0,1,0,0,0
5/4/2020,Prospecting - Facebook,8677.05,630481,1287,6.742074592,0.002041299,0.024735,283,7,30.66095406,1239.578571
5/4/2020,Prospecting - YouTube,0,0,0,0,0,0,0,0,0,0
5/4/2020,RT - Discovery,3277.5256,397438,6628,0.494496922,0.016676815,0.034483,29,1,113.0181241,3277.5256
5/4/2020,RT - Display,5229.4,358378,879,5.949260523,0.002452718,0.147541,61,9,85.72786885,581.0444444
5/4/2020,RT - Facebook,4077.41,170810,374,10.90216578,0.002189567,0.06383,47,3,86.75340426,1359.136667
5/4/2020,RT - YouTube,0,0,0,0,0,0,0,0,0,0
5/5/2020,Brand Search - Bing,6466.72,9611,1282,5.04424337,0.133388825,0.148148,297,44,21.77346801,146.9709091
5/5/2020,Brand Search - Google,83354.9094,16084,8496,9.811076907,0.528226809,0.12909,3912,505,21.30749218,165.0592265
5/5/2020,Monetization ,778.44,73762,378,2.059365079,0.00512459,0,0,0,0,0
5/5/2020,NB Search - Bing,3048.66,4471,196,15.55438776,0.043838068,0.081967,61,5,49.97803279,609.732
5/5/2020,NB Search - Google,24546.41,9868,917,26.76816794,0.092926632,0.101942,412,42,59.57866505,584.4383333
5/5/2020,Prospecting - Discovery,36638.4316,3056225,223483,0.163942813,0.07312387,0.051587,252,13,145.3906016,2818.340892
5/5/2020,Prospecting - Display,0,0,0,0,0,0,1,0,0,0
5/5/2020,Prospecting - Facebook,9092.11,667879,1509,6.025255136,0.002259391,0.010101,297,3,30.61316498,3030.703333
5/5/2020,Prospecting - YouTube,0,0,0,0,0,0,0,0,0,0
5/5/2020,RT - Discovery,3066.3812,429322,6440,0.476146149,0.015000396,0,38,0,80.69424211,0
5/5/2020,RT - Display,5483.9,396712,906,6.052869757,0.002283773,0.065574,61,4,89.9,1370.975
5/5/2020,RT - Facebook,4014.83,162097,393,10.21585242,0.002424474,0.057692,52,3,77.20826923,1338.276667
5/5/2020,RT - YouTube,0,0,0,0,0,0,0,0,0,0
5/6/2020,Brand Search - Bing,7684.41,15805,1787,4.300173475,0.113065486,0.157343,286,45,26.86856643,170.7646667
5/6/2020,Brand Search - Google,79709.3028,15736,8157,9.771889518,0.518365531,0.133142,3823,509,20.84993534,156.599809
5/6/2020,Monetization ,811.8,83506,420,1.932857143,0.005029579,0,0,0,0,0
5/6/2020,NB Search - Bing,2893.96,3357,180,16.07755556,0.053619303,0.064516,62,4,46.67677419,723.49
5/6/2020,NB Search - Google,24762.06,9984,944,26.23099576,0.094551282,0.078886,431,34,57.45257541,728.2958824
5/6/2020,Prospecting - Discovery,34894.5468,2465471,168075,0.207612951,0.068171558,0.030534,262,8,133.1852931,4361.81835
5/6/2020,Prospecting - Facebook,8844.97,798784,1668,5.302739808,0.002088174,0.036424,302,11,29.28798013,804.0881818
5/6/2020,Prospecting - Native,0,0,0,0,0,0,1,0,0,0
5/6/2020,Prospecting - YouTube,0,0,0,0,0,0,0,0,0,0
5/6/2020,RT - Discovery,3376.0131,442506,6835,0.493930227,0.015446118,0.086957,23,2,146.7831783,1688.00655
5/6/2020,RT - Display,6381,364306,840,7.596428571,0.002305754,0.084746,59,5,108.1525424,1276.2
5/6/2020,RT - Facebook,4065.45,173489,382,10.64253927,0.002201869,0.036364,55,2,73.91727273,2032.725
5/6/2020,RT - YouTube,0,0,0,0,0,0,1,0,0,0
5/7/2020,Brand Search - Bing,7881.17,16532,1644,4.793899027,0.099443504,0.156134,269,42,29.29802974,187.6469048
5/7/2020,Brand Search - Google,84591.1554,15325,8152,10.37673643,0.531941272,0.140099,3833,537,22.06917699,157.5254291
5/7/2020,Monetization ,944.5,111521,450,2.098888889,0.004035114,0,0,0,0,0
5/7/2020,NB Search - Bing,2997.07,3391,184,16.28842391,0.05426128,0.080645,62,5,48.33983871,599.414
5/7/2020,NB Search - Google,23178.04,9829,862,26.88867749,0.087699664,0.055046,436,24,53.1606422,965.7516667
5/7/2020,Prospecting - Discovery,26475.7809,1910160,145184,0.182360184,0.076006198,0.02521,238,6,111.2427769,4412.63015
5/7/2020,Prospecting - Display,0,0,0,0,0,0,1,0,0,0
5/7/2020,Prospecting - Facebook,8941.67,855867,1724,5.186583527,0.002014332,0.003636,275,1,32.51516364,8941.67
5/7/2020,Prospecting - YouTube,0,0,0,0,0,0,2,0,0,0
5/7/2020,RT - Discovery,2709.5519,323609,6170,0.439149417,0.019066219,0.095238,42,4,64.51314048,677.387975
5/7/2020,RT - Display,4520.3,322082,751,6.019041278,0.002331704,0.081633,49,4,92.25102041,1130.075
5/7/2020,RT - Facebook,4160.2101,193416,429,9.697459441,0.002218017,0.068182,44,3,94.55022955,1386.7367
5/7/2020,RT - YouTube,0,0,0,0,0,0,0,0,0,0
5/8/2020,Brand Search - Bing,6729.97,16697,1305,5.157065134,0.078157753,0.141176,255,36,26.39203922,186.9436111
5/8/2020,Brand Search - Google,88987.4758,15600,8223,10.82177743,0.527115385,0.160494,3888,624,22.88772526,142.6081343
5/8/2020,Monetization ,986.92,97864,443,2.227810384,0.00452669,0,0,0,0,0
5/8/2020,NB Search - Bing,2903.63,3480,174,16.68752874,0.05,0.06,50,3,58.0726,967.8766667
5/8/2020,NB Search - Google,22763.15,9556,834,27.29394484,0.08727501,0.085995,407,35,55.92911548,650.3757143
5/8/2020,Prospecting - Discovery,12394.1428,962741,56317,0.220078179,0.058496522,0.058537,205,12,60.45923317,1032.845233
5/8/2020,Prospecting - Display,0,0,0,0,0,0,1,0,0,0
5/8/2020,Prospecting - Facebook,10202.53,843452,1571,6.494290261,0.001862584,0.019763,253,5,40.32620553,2040.506
5/8/2020,Prospecting - YouTube,0,0,0,0,0,0,1,0,0,0
5/8/2020,RT - Discovery,2393.0352,215313,5066,0.472371733,0.023528538,0.054054,37,2,64.67662703,1196.5176
5/8/2020,RT - Display,5119.86,306868,791,6.472642225,0.002577656,0.090909,55,5,93.08836364,1023.972
5/8/2020,RT - Facebook,4350.23,216950,518,8.398127413,0.002387647,0.045455,66,3,65.91257576,1450.076667
5/8/2020,RT - YouTube,0,0,0,0,0,0,0,0,0,0
5/9/2020,Brand Search - Bing,3846.01,10645,1012,3.800405138,0.095068107,0.137255,153,21,25.13732026,183.1433333
5/9/2020,Brand Search - Google,57525.44,10330,5561,10.34444165,0.538334947,0.13685,2711,371,21.21926964,155.0550943
5/9/2020,Monetization ,1019.58,91991,440,2.317227273,0.004783077,0,0,0,0,0
5/9/2020,NB Search - Bing,2273.1,2718,139,16.35323741,0.051140545,0.081633,49,4,46.38979592,568.275
5/9/2020,NB Search - Google,15524.64,6740,569,27.28407733,0.084421365,0.071672,293,21,52.98511945,739.2685714
5/9/2020,Prospecting - Discovery,9215.5924,937196,41879,0.220052828,0.044685423,0.049451,182,9,50.63512308,1023.954711
5/9/2020,Prospecting - Facebook,9889.92,903625,1668,5.929208633,0.001845898,0.014286,210,3,47.09485714,3296.64
5/9/2020,Prospecting - YouTube,0,0,0,0,0,0,0,0,0,0
5/9/2020,RT - Discovery,1427.4038,133549,3707,0.385056326,0.027757602,0.090909,22,2,64.88199091,713.7019
5/9/2020,RT - Display,3402.5,263371,614,5.541530945,0.002331312,0,49,0,69.43877551,0
5/9/2020,RT - Facebook,4758.99,221156,500,9.51798,0.002260848,0,46,0,103.4563043,0
5/9/2020,RT - YouTube,0,0,0,0,0,0,0,0,0,0
5/10/2020,Brand Search - Bing,2683.42,11196,878,3.056287016,0.078420865,0.136752,117,16,22.93521368,167.71375
5/10/2020,Brand Search - Google,35208.38,7424,3794,9.280015814,0.511045259,0.091918,1893,174,18.59924987,202.3470115
5/10/2020,Monetization ,967.75,110570,388,2.494201031,0.003509089,0,0,0,0,0
5/10/2020,NB Search - Bing,1756.38,2256,117,15.01179487,0.051861702,0.05,40,2,43.9095,878.19
5/10/2020,NB Search - Google,11609.01,5663,445,26.08766292,0.078580258,0.060914,197,12,58.92898477,967.4175
5/10/2020,Prospecting - Discovery,10530.2518,964228,42649,0.246905011,0.04423124,0.015957,188,3,56.01197766,3510.083933
5/10/2020,Prospecting - Facebook,9227.26,935782,1625,5.678313846,0.001736516,0,211,0,43.73109005,0
5/10/2020,Prospecting - YouTube,0,0,0,0,0,0,1,0,0,0
5/10/2020,RT - Discovery,1520.8618,132694,3420,0.444696433,0.025773584,0,23,0,66.12442609,0
5/10/2020,RT - Display,3607.82,247452,646,5.584860681,0.002610607,0.05,40,2,90.1955,1803.91
5/10/2020,RT - Facebook,4195.92,203686,452,9.28300885,0.002219102,0.075,40,3,104.898,1398.64
5/10/2020,RT - YouTube,0,0,0,0,0,0,0,0,0,0
5/11/2020,Brand Search - Bing,6455.45,9107,1137,5.677616535,0.124849017,0.106383,282,30,22.89166667,215.1816667
5/11/2020,Brand Search - Google,90347.64,16775,8746,10.33016693,0.521371088,0.131818,3960,522,22.81506061,173.0797701
5/11/2020,Monetization ,1008.19,85823,382,2.639240838,0.004451021,0,0,0,0,0
5/11/2020,NB Search - Bing,2911.08,3525,171,17.02385965,0.048510638,0.170213,47,8,61.93787234,363.885
5/11/2020,NB Search - Google,24684.66,10955,914,27.00728665,0.083432223,0.075556,450,34,54.8548,726.0194118
5/11/2020,Posts - Facebook,116.09,2365,7,16.58428571,0.002959831,0,0,0,0,0
5/11/2020,Prospecting - Discovery,10407.6191,540991,45241,0.230048388,0.08362616,0.045685,197,9,52.83055381,1156.402122
5/11/2020,Prospecting - Facebook,10105.68,902960,1607,6.288537648,0.001779702,0.022901,262,6,38.57129771,1684.28
5/11/2020,Prospecting - Native,0,0,0,0,0,0,1,0,0,0
5/11/2020,Prospecting - YouTube,0,0,0,0,0,0,0,0,0,0
5/11/2020,RT - Discovery,1736.14,94036,3761,0.461616591,0.039995321,0.105263,38,4,45.68789474,434.035
5/11/2020,RT - Display,4635.29,285379,606,7.648993399,0.002123492,0.133333,60,8,77.25483333,579.41125
5/11/2020,RT - Facebook,4316.29,188182,405,10.65750617,0.002152172,0.019231,52,1,83.00557692,4316.29
5/11/2020,RT - YouTube,0,0,0,0,0,0,0,0,0,0
5/12/2020,Brand Search - Bing,6408.99,8821,1128,5.681728723,0.127876658,0.124,250,31,25.63596,206.7416129
5/12/2020,Brand Search - Google,84839.5865,16258,8560,9.911166647,0.526510026,0.123845,4005,496,21.18341735,171.0475534
5/12/2020,Monetization ,991.37,81464,414,2.394613527,0.005081999,0,0,0,0,0
5/12/2020,NB Search - Bing,2874.56,3837,170,16.90917647,0.044305447,0.121951,41,5,70.11121951,574.912
5/12/2020,NB Search - Google,25846.58,11019,999,25.87245245,0.090661585,0.096774,496,48,52.11004032,538.4704167
5/12/2020,Posts - Facebook,247.13,5844,6,41.18833333,0.001026694,0,0,0,0,0
5/12/2020,Prospecting - Discovery,13846.6164,720075,57630,0.240267507,0.08003333,0.035398,226,8,61.26821416,1730.82705
5/12/2020,Prospecting - Facebook,9825.87,970448,1845,5.325674797,0.001901184,0.016181,309,5,31.79893204,1965.174
5/12/2020,Prospecting - YouTube,0,0,0,0,0,0,0,0,0,0
5/12/2020,RT - Discovery,1702.8756,101212,3951,0.430998633,0.039036873,0.171429,35,6,48.65358857,283.8126
5/12/2020,RT - Display,5128.52,321514,754,6.801750663,0.002345154,0.092308,65,6,78.90030769,854.7533333
5/12/2020,RT - Facebook,4379.52,200018,458,9.562270742,0.002289794,0.041667,48,2,91.24,2189.76
5/12/2020,RT - YouTube,0,0,0,0,0,0,0,0,0,0
5/13/2020,Brand Search - Bing,6816.06,8214,1063,6.412097836,0.129413197,0.14346,237,34,28.75974684,200.4723529
5/13/2020,Brand Search - Google,84594.0929,16218,8583,9.856005231,0.529226785,0.14081,4048,570,20.89775022,148.4106893
5/13/2020,Monetization ,1012.89,82852,470,2.155085106,0.005672766,0,0,0,0,0
5/13/2020,NB Search - Bing,2977.09,3611,181,16.44801105,0.050124619,0.050847,59,3,50.45915254,992.3633333
5/13/2020,NB Search - Google,26046.96,11893,1009,25.81462834,0.084839822,0.081319,455,37,57.24606593,703.9718919
5/13/2020,Posts - Facebook,256.25,4923,4,64.0625,0.000812513,0,0,0,0,0
5/13/2020,Prospecting - Discovery,15303.793,883278,55538,0.275555349,0.062877146,0.037801,291,11,52.59035395,1391.253909
5/13/2020,Prospecting - Facebook,9893.7897,983379,1742,5.679557807,0.001771443,0.01,300,3,32.979299,3297.9299
5/13/2020,Prospecting - YouTube,0,0,0,0,0,0,0,0,0,0
5/13/2020,RT - Discovery,2018.5168,159367,4634,0.435588433,0.029077538,0,27,0,74.75988148,0
5/13/2020,RT - Display,5126.23,327704,757,6.771770145,0.002310011,0.069444,72,5,71.19763889,1025.246
5/13/2020,RT - Facebook,4210.2999,193026,421,10.00071235,0.002181053,0.0625,48,3,87.71458125,1403.4333
5/13/2020,RT - YouTube,0,0,0,0,0,0,0,0,0,0
5/14/2020,Brand Search - Bing,6943.47,8004,1064,6.525817669,0.132933533,0.116592,223,26,31.13663677,267.0565385
5/14/2020,Brand Search - Google,88870.74,15997,8513,10.43941501,0.53216228,0.136157,3966,540,22.40815431,164.5754444
5/14/2020,Monetization ,979.25,80831,445,2.200561798,0.005505314,0,0,0,0,0
5/14/2020,NB Search - Bing,3247.82,3957,194,16.74134021,0.049027041,0.066667,60,4,54.13033333,811.955
5/14/2020,NB Search - Google,28590.18,12478,1080,26.47238889,0.086552332,0.099576,472,47,60.57241525,608.3017021
5/14/2020,Posts - Facebook,264.75,5226,4,66.1875,0.000765404,0,0,0,0,0
5/14/2020,Prospecting - Discovery,14214.6529,853864,52761,0.269415911,0.061790871,0.04059,271,11,52.45259373,1292.241173
5/14/2020,Prospecting - Facebook,9537.0301,885130,1720,5.544784942,0.001943217,0.003704,270,1,35.3223337,9537.0301
5/14/2020,Prospecting - YouTube,0,0,0,0,0,0,0,0,0,0
5/14/2020,RT - Discovery,2269.2799,198183,5083,0.446444993,0.025648012,0.28125,32,9,70.91499688,252.1422111
5/14/2020,RT - Display,4604.16,373686,848,5.429433962,0.002269285,0.115385,52,6,88.54153846,767.36
5/14/2020,RT - Facebook,4293.22,170740,382,11.23879581,0.00223732,0.02381,42,1,102.2195238,4293.22
5/14/2020,RT - YouTube,0,0,0,0,0,0,0,0,0,0
5/15/2020,Brand Search - Bing,7332.25,9790,1192,6.151216443,0.121756895,0.175966,233,41,31.46888412,178.8353659
5/15/2020,Brand Search - Google,95123.1685,16712,8949,10.62947463,0.535483485,0.156823,3979,624,23.9063002,152.4409752
5/15/2020,Monetization ,1012.83,88028,414,2.446449275,0.004703049,0,0,0,0,0
5/15/2020,NB Search - Bing,2923.68,3737,180,16.24266667,0.048166979,0.075472,53,4,55.16377358,730.92
5/15/2020,NB Search - Google,23905.19,11396,920,25.98390217,0.080730081,0.094059,404,38,59.17126238,629.0839474
5/15/2020,Posts - Facebook,103.29,3105,3,34.43,0.000966184,0,0,0,0,0
5/15/2020,Prospecting - Discovery,12384.8012,814858,46225,0.267924309,0.056727675,0.053571,224,12,55.28929107,1032.066767
5/15/2020,Prospecting - Facebook,9569.4199,839816,1734,5.518696597,0.002064738,0.026119,268,7,35.70679067,1367.059986
5/15/2020,Prospecting - YouTube,0,0,0,0,0,0,0,0,0,0
5/15/2020,RT - Discovery,2556.151,263470,5796,0.441019841,0.02199871,0.093023,43,4,59.44537209,639.03775
5/15/2020,RT - Display,4162.68,320036,707,5.887807638,0.002209126,0.046512,43,2,96.80651163,2081.34
5/15/2020,RT - Facebook,4333.49,172669,424,10.22049528,0.002455565,0.025641,39,1,111.1151282,4333.49
5/15/2020,RT - YouTube,0,0,0,0,0,0,0,0,0,0
5/16/2020,Brand Search - Bing,4361.91,10021,959,4.548394161,0.095699032,0.149425,174,26,25.06844828,167.7657692
5/16/2020,Brand Search - Google,59825.11,12254,6080,9.83965625,0.496164518,0.131861,2897,382,20.65071108,156.6102356
5/16/2020,Monetization ,1027.72,279611,840,1.22347619,0.003004174,0,0,0,0,0
5/16/2020,NB Search - Bing,2248.96,2893,142,15.83774648,0.049083996,0.083333,36,3,62.47111111,749.6533333
5/16/2020,NB Search - Google,20195.96,8259,757,26.6789432,0.091657586,0.065831,319,21,63.31021944,961.712381
5/16/2020,Prospecting - Discovery,9593.6102,678347,32120,0.298680268,0.047350397,0.08046,174,14,55.1356908,685.2578714
5/16/2020,Prospecting - Facebook,9791.91,984459,1809,5.412885572,0.001837557,0.011278,266,3,36.81169173,3263.97
5/16/2020,Prospecting - YouTube,0,0,0,0,0,0,0,0,0,0
5/16/2020,RT - Discovery,1989.2856,181575,4220,0.471394692,0.023241085,0.09375,32,3,62.165175,663.0952
5/16/2020,RT - Display,4256.46,260302,690,6.168782609,0.002650767,0.018868,53,1,80.31056604,4256.46
5/16/2020,RT - Facebook,4721.2602,220765,502,9.404900797,0.002273911,0.02,50,1,94.425204,4721.2602
5/16/2020,RT - YouTube,0,0,0,0,0,0,0,0,0,0
5/17/2020,Brand Search - Bing,3570.91,9906,838,4.261229117,0.084595195,0.132948,173,23,20.64109827,155.2569565
5/17/2020,Brand Search - Google,44712.2,9197,4778,9.357932189,0.519517234,0.097005,2237,217,19.98757264,206.0470046
5/17/2020,Monetization ,1000.24,405031,1054,0.948994307,0.00260227,0,0,0,0,0
5/17/2020,NB Search - Bing,2269.07,2831,142,15.9793662,0.050158954,0.085714,35,3,64.83057143,756.3566667
5/17/2020,NB Search - Google,18891.54,7711,701,26.94941512,0.090909091,0.078689,305,24,61.93947541,787.1475
5/17/2020,Prospecting - Discovery,10532.1267,955735,39001,0.270047606,0.040807337,0.026316,190,5,55.43224579,2106.42534
5/17/2020,Prospecting - Facebook,9245.9899,910042,1718,5.381833469,0.001887825,0.027397,292,8,31.66434897,1155.748738
5/17/2020,Prospecting - YouTube,0,0,0,0,0,0,0,0,0,0
5/17/2020,RT - Discovery,1925.0691,151162,4117,0.46759026,0.027235681,0.103448,29,3,66.3816931,641.6897
5/17/2020,RT - Display,3807.4,249009,612,6.22124183,0.002457742,0.04,50,2,76.148,1903.7
5/17/2020,RT - Facebook,4266.31,195524,444,9.608806306,0.002270821,0.047619,42,2,101.5788095,2133.155
5/17/2020,RT - YouTube,0,0,0,0,0,0,0,0,0,0
5/18/2020,Brand Search - Bing,6571.35,11127,1159,5.669844694,0.10416105,0.135531,273,37,24.07087912,177.6040541
5/18/2020,Brand Search - Google,93850.1202,17262,8976,10.45567293,0.519986097,0.139392,4082,569,22.99121024,164.9386998
5/18/2020,Monetization ,1000.4,460400,1224,0.817320261,0.002658558,0,0,0,0,0
5/18/2020,NB Search - Bing,3132.09,4163,201,15.58253731,0.048282489,0.074074,54,4,58.00166667,783.0225
5/18/2020,NB Search - Google,30177.06,12977,1139,26.49434592,0.087770671,0.083871,465,39,64.89690323,773.7707692
5/18/2020,Prospecting - Discovery,8870.2255,732336,38825,0.228466851,0.053015283,0.035874,223,8,39.77679596,1108.778188
5/18/2020,Prospecting - Facebook,9380.7501,1172819,2271,4.130669353,0.00193636,0.01355,369,5,25.42208699,1876.15002
5/18/2020,Prospecting - Native,1640.03,0,3405,0.481653451,0.002390014,0,25,0,65.6012,0
5/18/2020,Prospecting - YouTube,0,0,0,0,0,0,0,0,0,0
5/18/2020,RT - Discovery,2186.5694,155019,4893,0.446877049,0.031563873,0.074074,54,4,40.49202593,546.64235
5/18/2020,RT - Display,3529.4,275616,683,5.16749634,0.002478085,0.166667,48,8,73.52916667,441.175
5/18/2020,RT - Facebook,4361.97,194164,404,10.79695545,0.002080715,0.020408,49,1,89.01979592,4361.97
5/18/2020,RT - Native,0,0,0,0,0,0,1,0,0,0
5/18/2020,RT - YouTube,0,0,0,0,0,0,0,0,0,0
5/19/2020,Brand Search - Bing,5775.77,8618,980,5.893642857,0.113715479,0.161417,254,41,22.73925197,140.872439
5/19/2020,Brand Search - Google,85035.35,15756,8202,10.36763594,0.520563595,0.127066,3691,469,23.03856678,181.3120469
5/19/2020,Monetization ,1000.42,537538,1364,0.733445748,0.002537495,0,0,0,0,0
5/19/2020,NB Search - Bing,3309.5,3905,211,15.68483412,0.054033291,0.092593,54,5,61.28703704,661.9
5/19/2020,NB Search - Google,30333.13,12940,1158,26.19441278,0.089489954,0.05477,566,31,53.59210247,978.4880645
5/19/2020,Prospecting - Discovery,10603.6763,770588,41305,0.256716531,0.053601925,0.030435,230,7,46.10294043,1514.8109
5/19/2020,Prospecting - Facebook,9484.03,1031016,2156,4.398900742,0.002091141,0.013477,371,5,25.56342318,1896.806
5/19/2020,Prospecting - Native,3302.42,0,10141,0.32565033,0.004604759,0.032258,31,1,106.5296774,3302.42
5/19/2020,Prospecting - YouTube,0,0,0,0,0,0,0,0,0,0
5/19/2020,RT - Discovery,2320.5287,157203,5039,0.460513733,0.032054096,0.058824,51,3,45.50056275,773.5095667
5/19/2020,RT - Display,4080.63,333583,819,4.982454212,0.002455161,0.047619,42,2,97.15785714,2040.315
5/19/2020,RT - Facebook,4282.78,191216,439,9.755763098,0.002295833,0.015152,66,1,64.89060606,4282.78
5/19/2020,RT - Native,0,0,0,0,0,0.076923,26,2,0,0
5/19/2020,RT - YouTube,0,0,0,0,0,0,0,0,0,0
5/20/2020,Brand Search - Bing,6008.53,6750,937,6.412518677,0.138814815,0.162162,259,42,23.19895753,143.0602381
5/20/2020,Brand Search - Google,82891.9406,15408,7977,10.39136776,0.517718069,0.132931,3641,484,22.76625669,171.2643401
5/20/2020,Monetization ,974.83,399520,1060,0.919650943,0.002653184,0,0,0,0,0
5/20/2020,NB Search - Bing,3093.8,3812,186,16.63333333,0.048793284,0.103448,58,6,53.34137931,515.6333333
5/20/2020,NB Search - Google,29040.7,12677,1084,26.79031365,0.08550919,0.089286,560,50,51.85839286,580.814
5/20/2020,Posts - Facebook,396.37,7231,15,26.42466667,0.002074402,0,0,0,0,0
5/20/2020,Prospecting - Discovery,12216.7768,871188,50257,0.243086074,0.057687893,0.075221,226,17,54.05653451,718.6339294
5/20/2020,Prospecting - Facebook,9702.66,1080376,2084,4.655786948,0.001928958,0.01385,361,5,26.87717452,1940.532
5/20/2020,Prospecting - Native,3604.21,0,10504,0.34312738,0.005048711,0.023256,43,1,83.81883721,3604.21
5/20/2020,Prospecting - YouTube,0,0,0,0,0,0,0,0,0,0
5/20/2020,RT - Discovery,2117.2584,155122,5129,0.412801404,0.033064298,0.033898,59,2,35.88573559,1058.6292
5/20/2020,RT - Display,6167.91,334095,788,7.827296954,0.002358611,0.076923,65,5,94.89092308,1233.582
5/20/2020,RT - Facebook,4281.61,190461,391,10.95040921,0.002052914,0.085106,47,4,91.09808511,1070.4025
5/20/2020,RT - Native,0,0,0,0,0,0.045455,22,1,0,0
5/20/2020,RT - YouTube,0,0,0,0,0,0,0,0,0,0
5/21/2020,Brand Search - Bing,5782.9,9159,966,5.986438923,0.105470029,0.135135,222,30,26.0490991,192.7633333
5/21/2020,Brand Search - Google,91163.8101,15443,8163,11.16792969,0.528589005,0.144113,3754,541,24.28444595,168.5098153
5/21/2020,Monetization ,1249.63,524252,1494,0.836432396,0.002849775,0,0,0,0,0
5/21/2020,NB Search - Bing,3017.13,3725,191,15.79649215,0.051275168,0.078431,51,4,59.15941176,754.2825
5/21/2020,NB Search - Google,29232.46,12449,1096,26.67195255,0.0880392,0.067542,533,36,54.84514071,812.0127778
5/21/2020,Posts - Facebook,514.12,9898,11,46.73818182,0.001111336,0,0,0,0,0
5/21/2020,Prospecting - Discovery,13294.2756,962953,59315,0.224130078,0.061596983,0.027149,221,6,60.15509321,2215.7126
5/21/2020,Prospecting - Facebook,11877.0501,1376366,2463,4.822188429,0.001789495,0.023873,377,9,31.50411167,1319.672233
5/21/2020,Prospecting - Native,3392.17,0,9303,0.364631839,0.004021976,0,44,0,77.09477273,0
5/21/2020,Prospecting - YouTube,0,0,0,0,0,0,0,0,0,0
5/21/2020,RT - Discovery,2230.6333,160024,5033,0.44320153,0.031451532,0.111111,36,4,61.96203611,557.658325
5/21/2020,RT - Display,5464.32,358954,892,6.125919283,0.002484998,0.127273,55,7,99.35127273,780.6171429
5/21/2020,RT - Facebook,4239.09,175655,385,11.01062338,0.002191796,0.088889,45,4,94.202,1059.7725
5/21/2020,RT - Native,0,0,0,0,0,0,9,0,0,0
5/21/2020,RT - YouTube,0,0,0,0,0,0,0,0,0,0
5/22/2020,Brand Search - Bing,6433.99,10527,1126,5.714023091,0.106963047,0.168142,226,38,28.4689823,169.3155263
5/22/2020,Brand Search - Google,87431.5415,15626,8376,10.43834068,0.536029694,0.164195,3709,609,23.57280709,143.5657496
5/22/2020,Monetization ,1448.86,688591,1822,0.795203074,0.002645983,0,0,0,0,0
5/22/2020,NB Search - Bing,2483.34,3018,171,14.52245614,0.05666004,0.073171,41,3,60.56926829,827.78
5/22/2020,NB Search - Google,27874.69,12671,1044,26.69989464,0.082392866,0.10978,501,55,55.63810379,506.8125455
5/22/2020,Posts - Facebook,89.01,2514,4,22.2525,0.00159109,0,0,0,0,0
5/22/2020,Prospecting - Discovery,20132.9677,1862143,72454,0.277872411,0.038908934,0.047009,234,11,86.0383235,1830.269791
5/22/2020,Prospecting - Facebook,13266.23,1595208,2906,4.565116999,0.001821706,0.01937,413,8,32.12162228,1658.27875
5/22/2020,Prospecting - Native,3059.72,0,8124,0.376627277,0.004149791,0,34,0,89.99176471,0
5/22/2020,Prospecting - YouTube,0,0,0,0,0,0,0,0,0,0
5/22/2020,RT - Discovery,2323.1162,149567,4760,0.488049622,0.031825202,0.076923,52,4,44.67531154,580.77905
5/22/2020,RT - Display,4704.62,323522,886,5.309954853,0.002738608,0.16,50,8,94.0924,588.0775
5/22/2020,RT - Facebook,4296.63,173130,363,11.83644628,0.00209669,0.025,40,1,107.41575,4296.63
5/22/2020,RT - Native,0,0,0,0,0,0,4,0,0,0
5/22/2020,RT - YouTube,0,0,0,0,0,0,0,0,0,0
5/23/2020,Brand Search - Bing,3600.5,7387,728,4.945741758,0.098551509,0.16875,160,27,22.503125,133.3518519
5/23/2020,Brand Search - Google,57026.9835,10397,5544,10.28625244,0.53323074,0.146687,2611,383,21.84105075,148.8955183
5/23/2020,Monetization ,1448.2101,569115,1996,0.725556162,0.0035072,0,0,0,0,0
5/23/2020,NB Search - Bing,641.46,928,42,15.27285714,0.045258621,0.090909,11,1,58.31454545,641.46
5/23/2020,NB Search - Google,20260.38,11248,767,26.41509778,0.0681899,0.086351,359,31,56.43559889,653.5606452
5/23/2020,Prospecting - Discovery,14282.084,1238033,53885,0.26504749,0.043524688,0.03,200,6,71.41042,2380.347333
5/23/2020,Prospecting - Facebook,14034.19,1803808,3243,4.327533148,0.001797863,0.022959,392,9,35.8015051,1559.354444
5/23/2020,Prospecting - Native,2867.23,0,6614,0.433509223,0.003879538,0,35,0,81.92085714,0
5/23/2020,Prospecting - YouTube,0,0,0,0,0,0,0,0,0,0
5/23/2020,RT - Discovery,2411.7852,205637,4642,0.519557346,0.022573759,0.027027,37,1,65.18338378,2411.7852
5/23/2020,RT - Display,3416.9,286841,827,4.131680774,0.00288313,0.021739,46,1,74.28043478,3416.9
5/23/2020,RT - Facebook,4721.61,205838,477,9.898553459,0.002317356,0.020833,48,1,98.366875,4721.61
5/23/2020,RT - Native,0,0,0,0,0,0,3,0,0,0
5/23/2020,RT - YouTube,0,0,0,0,0,0,0,0,0,0
5/24/2020,Brand Search - Bing,2765.71,11202,840,3.292511905,0.07498661,0.123967,121,15,22.85710744,184.3806667
5/24/2020,Brand Search - Google,35887.46,7220,3722,9.641982805,0.515512465,0.095726,1755,168,20.44869516,213.6158333
5/24/2020,Monetization ,1473.37,596515,2159,0.682431681,0.003619356,0,0,0,0,0
5/24/2020,NB Search - Bing,455.22,949,29,15.69724138,0.030558483,0,12,0,37.935,0
5/24/2020,NB Search - Google,16237.41,9634,625,25.979856,0.064874403,0.065068,292,19,55.60756849,854.6005263
5/24/2020,Prospecting - Discovery,13495.7974,1206034,49382,0.27329386,0.040945778,0.005051,198,1,68.16059293,13495.7974
5/24/2020,Prospecting - Facebook,13532.43,1695890,3028,4.469098415,0.001785493,0.002801,357,1,37.90596639,13532.43
5/24/2020,Prospecting - Native,2792.92,0,6371,0.43838016,0.004245075,0,29,0,96.30758621,0
5/24/2020,Prospecting - YouTube,0,0,0,0,0,0,0,0,0,0
5/24/2020,RT - Discovery,2066.1896,167040,4350,0.474986115,0.026041667,0.069767,43,3,48.05092093,688.7298667
5/24/2020,RT - Display,3623.28,302432,809,4.478714462,0.002674981,0.039216,51,2,71.04470588,1811.64
5/24/2020,RT - Facebook,4193.79,191994,426,9.844577465,0.002218819,0.021277,47,1,89.22957447,4193.79
5/24/2020,RT - Native,0,0,0,0,0,0,6,0,0,0
5/24/2020,RT - YouTube,0,0,0,0,0,0,0,0,0,0
5/25/2020,Brand Search - Bing,3260.01,8017,722,4.515249307,0.090058625,0.122302,139,17,23.45330935,191.7652941
5/25/2020,Brand Search - Google,49068.51,9182,4753,10.3236924,0.517643215,0.098414,2144,211,22.8864319,232.5521801
5/25/2020,Monetization ,1464.41,635643,2124,0.689458569,0.003341498,0,0,0,0,0
5/25/2020,NB Search - Bing,470.54,735,32,14.704375,0.043537415,0,17,0,27.67882353,0
5/25/2020,NB Search - Google,19239.79,11305,720,26.72193056,0.063688633,0.026012,346,9,55.60632948,2137.754444
5/25/2020,Prospecting - Discovery,12404.1474,1166707,48618,0.255134876,0.041671131,0.033493,209,7,59.34998756,1772.021057
5/25/2020,Prospecting - Facebook,14090.38,1813344,3172,4.442112232,0.001749254,0.01432,419,6,33.62859189,2348.396667
5/25/2020,Prospecting - Native,2850.68,0,7095,0.401787174,0.003568556,0,40,0,71.267,0
5/25/2020,Prospecting - YouTube,0,0,0,0,0,0,0,0,0,0
5/25/2020,RT - Discovery,2249.0894,147633,4659,0.482740803,0.031557985,0,35,0,64.25969714,0
5/25/2020,RT - Display,4640.15,255448,746,6.220040214,0.00292036,0.095238,42,4,110.4797619,1160.0375
5/25/2020,RT - Facebook,4329.46,195936,473,9.153192389,0.002414054,0,59,0,73.38067797,0
5/25/2020,RT - Native,0,0,0,0,0,0.25,4,1,0,0
5/25/2020,RT - YouTube,0,0,0,0,0,0,0,0,0,0
5/26/2020,Brand Search - Bing,6509.17,12171,2021,3.220766947,0.166050448,0.13278,241,32,27.00900415,203.4115625
5/26/2020,Brand Search - Google,89153.3951,16510,8670,10.28297521,0.525136281,0.132895,3800,505,23.46141976,176.5413764
5/26/2020,Monetization ,1486.13,654344,2433,0.61082203,0.003718228,0,0,0,0,0
5/26/2020,NB Search - Bing,1302.86,1455,91,14.31714286,0.062542955,0.162162,37,6,35.21243243,217.1433333
5/26/2020,NB Search - Google,30599.83,14902,1159,26.40192407,0.077774795,0.102293,567,58,53.96795414,527.5832759
5/26/2020,Posts - Facebook,187.54,3415,5,37.508,0.001464129,0,0,0,0,0
5/26/2020,Prospecting - Discovery,15860.7626,1285202,53316,0.297485982,0.041484529,0.011364,264,3,60.07864621,5286.920867
5/26/2020,Prospecting - Facebook,14512.7499,1815043,3069,4.72882043,0.001690869,0.014184,423,6,34.30910142,2418.79165
5/26/2020,Prospecting - Native,2966.55,0,7269,0.408109781,0.003142574,0.051282,39,2,76.06538462,1483.275
5/26/2020,Prospecting - YouTube,0,0,0,0,0,0,0,0,0,0
5/26/2020,RT - Discovery,2584.2836,154091,5275,0.489911583,0.034233018,0.132075,53,7,48.76006792,369.1833714
5/26/2020,RT - Display,4416.73,292340,813,5.432632226,0.002781008,0.190476,63,12,70.1068254,368.0608333
5/26/2020,RT - Facebook,4389.59,176942,440,9.976340909,0.002486691,0,59,0,74.39983051,0
5/26/2020,RT - Native,0,0,0,0,0,0,6,0,0,0
5/26/2020,RT - YouTube,0,0,0,0,0,0,0,0,0,0
5/27/2020,Brand Search - Bing,7782.2,10899,1169,6.657142857,0.107257547,0.144444,270,39,28.82296296,199.5435897
5/27/2020,Brand Search - Google,85887.61,16054,8383,10.24545032,0.522175159,0.133175,3792,505,22.64968618,170.0744752
5/27/2020,Monetization ,1481.85,746615,2491,0.594881574,0.003336392,0,0,0,0,0
5/27/2020,NB Search - Bing,885.09,1258,65,13.61676923,0.051669316,0.095238,21,2,42.14714286,442.545
5/27/2020,NB Search - Google,31427.01,14242,1214,25.88715815,0.085240837,0.084192,582,49,53.99829897,641.367551
5/27/2020,Posts - Facebook,324.81,5921,7,46.40142857,0.001182233,0,0,0,0,0
5/27/2020,Prospecting - Discovery,15888.2547,1144798,53403,0.297516145,0.046648404,0.042194,237,10,67.03904937,1588.82547
5/27/2020,Prospecting - Facebook,14342.2201,1869980,3085,4.649017861,0.00164975,0.01292,387,5,37.06000026,2868.44402
5/27/2020,Prospecting - Native,2949.08,0,6849,0.430585487,0.003065248,0.047619,42,2,70.21619048,1474.54
5/27/2020,Prospecting - YouTube,0,0,0,0,0,0,0,0,0,0
5/27/2020,RT - Discovery,2765.0127,145687,5329,0.518861456,0.036578418,0.081633,49,4,56.42883061,691.253175
5/27/2020,RT - Display,3498.81,300330,765,4.573607843,0.002547198,0.12,50,6,69.9762,583.135
5/27/2020,RT - Facebook,4393.89,185533,488,9.003872951,0.00263026,0.055556,72,4,61.02625,1098.4725
5/27/2020,RT - Native,0,0,0,0,0,0.142857,7,1,0,0
5/27/2020,RT - YouTube,0,0,0,0,0,0,0,0,0,0
5/28/2020,Brand Search - Bing,7464.17,8192,1021,7.310646425,0.124633789,0.184615,260,48,28.70834615,155.5035417
5/28/2020,Brand Search - Google,98756.46,16442,8821,11.19560821,0.536491911,0.145169,4140,601,23.85421739,164.3202329
5/28/2020,Monetization ,1490.87,712208,2411,0.618361676,0.003385247,0,0,0,0,0
5/28/2020,NB Search - Bing,1105.32,1092,77,14.35480519,0.070512821,0.130435,23,3,48.0573913,368.44
5/28/2020,NB Search - Google,29947.63,13930,1198,24.9980217,0.086001436,0.096948,557,54,53.76594255,554.5857407
5/28/2020,Posts - Facebook,327.23,6117,3,109.0766667,0.000490436,0,0,0,0,0
5/28/2020,Prospecting - Discovery,19980.0743,1591554,69036,0.289415295,0.043376474,0.044776,268,12,74.55251604,1665.006192
5/28/2020,Prospecting - Facebook,14257.78,1844439,2987,4.773277536,0.001619463,0.016279,430,7,33.15762791,2036.825714
5/28/2020,Prospecting - Native,2984.07,0,6768,0.440908688,0.003225281,0.083333,36,3,82.89083333,994.69
5/28/2020,Prospecting - YouTube,0,0,0,0,0,0,0,0,0,0
5/28/2020,RT - Discovery,3350.741,171987,5515,0.607568631,0.032066377,0.068182,44,3,76.15320455,1116.913667
5/28/2020,RT - Display,5265.6,328354,845,6.23147929,0.002573442,0.092308,65,6,81.00923077,877.6
5/28/2020,RT - Facebook,4570.81,206338,478,9.562364017,0.002316587,0.075758,66,5,69.25469697,914.162
5/28/2020,RT - Native,0,0,0,0,0,0.2,10,2,0,0
5/28/2020,RT - YouTube,0,0,0,0,0,0,0,0,0,0
5/29/2020,Brand Search - Bing,6950,10189,1585,4.384858044,0.155559918,0.207627,236,49,29.44915254,141.8367347
5/29/2020,Brand Search - Google,96931.78,16281,8404,11.53400524,0.51618451,0.173237,3856,668,25.13790975,145.1074551
5/29/2020,Monetization ,1511.2,608020,2402,0.629142381,0.003950528,0,0,0,0,0
5/29/2020,NB Search - Bing,942.76,1060,66,14.28424242,0.062264151,0.107143,28,3,33.67,314.2533333
5/29/2020,NB Search - Google,29548.83,15867,1146,25.78431937,0.072225373,0.063953,516,33,57.26517442,895.4190909
5/29/2020,Posts - Facebook,160.3,4961,2,80.15,0.000403145,0,0,0,0,0
5/29/2020,Prospecting - Discovery,22113.201,1718843,85425,0.258861001,0.049699129,0.054945,273,15,81.00073626,1474.2134
5/29/2020,Prospecting - Facebook,14308.2001,2023599,3128,4.574232769,0.001545761,0.016807,357,6,40.07899188,2384.700017
5/29/2020,Prospecting - Native,3062.92,0,6000,0.510486667,0.00315593,0,32,0,95.71625,0
5/29/2020,Prospecting - YouTube,0,0,0,0,0,0,0,0,0,0
5/29/2020,RT - Discovery,3048.0607,224045,5595,0.544782967,0.024972662,0.092593,54,5,56.44556852,609.61214
5/29/2020,RT - Display,3752.65,329934,893,4.202295633,0.002706602,0.092593,54,5,69.49351852,750.53
5/29/2020,RT - Facebook,4622.13,216001,529,8.737485822,0.002449063,0.083333,60,5,77.0355,924.426
5/29/2020,RT - Native,0,0,0,0,0,0.090909,11,1,0,0
5/29/2020,RT - YouTube,0,0,0,0,0,0,0,0,0,0
5/30/2020,Brand Search - Bing,3621.45,5366,693,5.225757576,0.129146478,0.179487,156,28,23.21442308,129.3375
5/30/2020,Brand Search - Google,62503.398,10579,5659,11.04495459,0.534927687,0.147168,2684,395,23.28740611,158.2364506
5/30/2020,Monetization ,1592.16,627594,2423,0.657102765,0.003860776,0,0,0,0,0
5/30/2020,NB Search - Bing,496.46,630,37,13.41783784,0.058730159,0.0625,16,1,31.02875,496.46
5/30/2020,NB Search - Google,28698.58,51892,4061,7.066875154,0.078258691,0.075758,462,35,62.11813853,819.9594286
5/30/2020,Prospecting - Discovery,14733.9457,1352402,63289,0.232804211,0.046797476,0.024876,201,5,73.30321244,2946.78914
5/30/2020,Prospecting - Facebook,15092.3201,2099245,3173,4.756482855,0.001511496,0.020173,347,7,43.49371787,2156.045729
5/30/2020,Prospecting - Native,2854.49,0,5675,0.502993833,0.003868202,0.032258,31,1,92.08032258,2854.49
5/30/2020,Prospecting - YouTube,0,0,0,0,0,0,0,0,0,0
5/30/2020,RT - Discovery,2776.7092,203714,4769,0.582241392,0.023410271,0,39,0,71.19767179,0
5/30/2020,RT - Display,3069.91,253291,668,4.595673653,0.002637283,0.088889,45,4,68.22022222,767.4775
5/30/2020,RT - Facebook,5015.13,245901,571,8.783064799,0.002322073,0.058824,51,3,98.33588235,1671.71
5/30/2020,RT - Native,0,0,0,0,0,0,5,0,0,0
5/30/2020,RT - YouTube,0,0,0,0,0,0,0,0,0,0
5/31/2020,Brand Search - Bing,3773.81,11442,1371,2.752596645,0.119821709,0.082707,133,11,28.37451128,343.0736364
5/31/2020,Brand Search - Google,42251.48,8467,4218,10.01694642,0.498169363,0.112418,2126,239,19.87369708,176.7844351
5/31/2020,Monetization ,1500.38,672354,2579,0.581768127,0.003835777,0,0,0,0,0
5/31/2020,NB Search - Bing,582.64,661,38,15.33263158,0.057488654,0.076923,13,1,44.81846154,582.64
5/31/2020,NB Search - Google,22636.19,32042,1607,14.08599253,0.050152924,0.0575,400,23,56.590475,984.1821739
5/31/2020,Prospecting - Discovery,14814.8032,1384169,71075,0.208439018,0.051348499,0.038793,232,9,63.85691034,1646.089244
5/31/2020,Prospecting - Facebook,14302.1301,2281150,3554,4.024234693,0.001557986,0.005666,353,2,40.51594929,7151.06505
5/31/2020,Prospecting - Native,2855.42,0,6133,0.465582912,0.003744027,0.038462,26,1,109.8238462,2855.42
5/31/2020,Prospecting - YouTube,0,0,0,0,0,0,0,0,0,0
5/31/2020,RT - Discovery,2590.5779,180229,4789,0.540943391,0.02657175,0.022222,45,1,57.56839778,2590.5779
5/31/2020,RT - Display,3003.66,286532,752,3.994228723,0.002624489,0.05,40,2,75.0915,1501.83
5/31/2020,RT - Facebook,4640.48,257572,564,8.227801418,0.002189679,0.052632,57,3,81.41192982,1546.826667
5/31/2020,RT - Native,0,0,0,0,0,0.2,5,1,0,0
5/31/2020,RT - YouTube,0,0,0,0,0,0,0,0,0,0
6/1/2020,Brand Search - Bing,6294.11,8700,1272,4.948199686,0.146206897,0.229249,253,58,24.87790514,108.5191379
6/1/2020,Brand Search - Google,96438.3814,17548,8928,10.80179003,0.508775929,0.146884,3867,568,24.93881081,169.7858827
6/1/2020,Monetization ,1470.84,853254,2929,0.502164561,0.003432741,0,0,0,0,0
6/1/2020,NB Search - Bing,1108.17,1402,79,14.02746835,0.056348074,0.137931,29,4,38.21275862,277.0425
6/1/2020,NB Search - Google,40038.45,18896,1417,28.25578687,0.074989416,0.096774,713,69,56.15490884,580.2673913
6/1/2020,Prospecting - Discovery,18875.5656,1816762,96863,0.194868687,0.053316285,0.056537,283,16,66.69811166,1179.72285
6/1/2020,Prospecting - Facebook,13325.9902,2005547,3449,3.863725776,0.00171973,0.030457,394,12,33.82231015,1110.499183
6/1/2020,Prospecting - Native,3372.04,0,6971,0.483723999,0.002966383,0.032258,31,1,108.7754839,3372.04
6/1/2020,Prospecting - YouTube,0,0,0,0,0,0,0,0,0,0
6/1/2020,RT - Discovery,3383.9428,234234,5674,0.596394572,0.02422364,0.132075,53,7,63.84797736,483.4204
6/1/2020,RT - Display,3459.21,287378,724,4.777914365,0.00251933,0.108696,46,5,75.20021739,691.842
6/1/2020,RT - Facebook,4662.09,248315,548,8.507463504,0.002206874,0.041667,48,2,97.126875,2331.045
6/1/2020,RT - Native,0,0,0,0,0,0.111111,9,1,0,0
6/1/2020,RT - YouTube,0,0,0,0,0,0,0,0,0,0
6/2/2020,Brand Search - Bing,6654.28,10227,1705,3.902803519,0.166715557,0.144578,249,36,26.72401606,184.8411111
6/2/2020,Brand Search - Google,87431.2877,16036,8114,10.77536205,0.50598653,0.152689,3589,548,24.3609049,159.5461454
6/2/2020,Monetization ,651.31,387163,1274,0.511232339,0.003290604,0,0,0,0,0
6/2/2020,NB Search - Bing,1100.21,1375,80,13.752625,0.058181818,0.103448,29,3,37.93827586,366.7366667
6/2/2020,NB Search - Google,42427.32,16726,1495,28.37947826,0.089381801,0.075524,715,54,59.33890909,785.6911111
6/2/2020,Prospecting - Discovery,18852.1472,1996416,133595,0.141114167,0.066917416,0.061372,277,17,68.05829314,1108.949835
6/2/2020,Prospecting - Facebook,5136.5599,855752,1510,3.401695298,0.00176453,0.025381,197,5,26.07390812,1027.31198
6/2/2020,Prospecting - Native,3798.92,0,7396,0.513645214,0.002656612,0.020408,49,1,77.52897959,3798.92
6/2/2020,Prospecting - YouTube,0,0,0,0,0,0,0,0,0,0
6/2/2020,RT - Discovery,3341.8507,260333,5793,0.576877387,0.022252269,0.056604,53,3,63.05378679,1113.950233
6/2/2020,RT - Display,6041.1,319238,831,7.26967509,0.002603074,0.069767,43,3,140.4906977,2013.7
6/2/2020,RT - Facebook,2015.3501,115304,264,7.633901894,0.0022896,0.068966,29,2,69.49483103,1007.67505
6/2/2020,RT - Native,0,0,0,0,0,0,10,0,0,0
6/2/2020,RT - YouTube,0,0,0,0,0,0,0,0,0,0
6/3/2020,Brand Search - Bing,7358.49,9720,2021,3.641014349,0.207921811,0.150735,272,41,27.05327206,179.4753659
6/3/2020,Brand Search - Google,85946.8907,16093,8318,10.33263894,0.516870689,0.152954,3792,580,22.66531928,148.1842943
6/3/2020,Monetization ,1882.3401,1132923,3640,0.517126401,0.003212928,0,0,0,0,0
6/3/2020,NB Search - Bing,1221.76,1398,92,13.28,0.065808298,0.119048,42,5,29.08952381,244.352
6/3/2020,NB Search - Google,43010.53,17272,1544,27.85656088,0.089393238,0.074334,713,53,60.32332398,811.519434
6/3/2020,Prospecting - Discovery,20194.8506,1873608,126443,0.159715054,0.067486369,0.048544,309,15,65.35550356,1346.323373
6/3/2020,Prospecting - Facebook,13149.1599,2510543,4139,3.176892945,0.001648647,0.013514,370,5,35.53827,2629.83198
6/3/2020,Prospecting - Native,2910.5,0,3453,0.84289024,0.001724682,0.035714,28,1,103.9464286,2910.5
6/3/2020,Prospecting - YouTube,0,0,0,0,0,0,0,0,0,0
6/3/2020,RT - Discovery,3327.4809,228639,5622,0.591867823,0.024588981,0.058824,51,3,65.24472353,1109.1603
6/3/2020,RT - Display,4300.552,318952,859,5.006463329,0.002693195,0.102041,49,5,87.76636735,860.1104
6/3/2020,RT - Facebook,5227.63,328037,677,7.721757755,0.002063792,0.0625,64,4,81.68171875,1306.9075
6/3/2020,RT - Native,0,0,0,0,0,0.285714,7,2,0,0
6/3/2020,RT - YouTube,0,0,0,0,0,0,0,0,0,0
6/4/2020,Brand Search - Bing,7595.05,10190,1941,3.912957239,0.190480864,0.175,280,49,27.12517857,155.0010204
6/4/2020,Brand Search - Google,91824.9462,15753,8265,11.11009633,0.524661969,0.138097,3751,518,24.48012429,177.2682359
6/4/2020,Monetization ,1914.12,1237634,3909,0.489669992,0.003158446,0,0,0,0,0
6/4/2020,NB Search - Bing,1004.31,1308,76,13.21460526,0.058103976,0.033333,30,1,33.477,1004.31
6/4/2020,NB Search - Google,42244.89,16957,1494,28.27636546,0.088105207,0.06639,723,48,58.43,880.101875
6/4/2020,Prospecting - Discovery,29394.374,2292464,236316,0.124385882,0.103083843,0.027027,444,12,66.20354505,2449.531167
6/4/2020,Prospecting - Facebook,13347.4903,2176329,3529,3.782230179,0.001621538,0.020942,382,8,34.94107408,1668.436288
6/4/2020,Prospecting - Native,2951.17,0,3014,0.979153948,0.001802149,0.043478,23,1,128.3117391,2951.17
6/4/2020,Prospecting - YouTube,0,0,0,0,0,0,0,0,0,0
6/4/2020,RT - Discovery,3467.2398,222336,5783,0.599557289,0.026010183,0.074074,54,4,64.20814444,866.80995
6/4/2020,RT - Display,6699.2,364605,833,8.042256903,0.002284664,0.142857,49,7,136.7183673,957.0285714
6/4/2020,RT - Facebook,5337,297077,627,8.511961722,0.002110564,0.015873,63,1,84.71428571,5337
6/4/2020,RT - Native,0,0,0,0,0,0.166667,12,2,0,0
6/4/2020,RT - YouTube,0,0,0,0,0,0,0,0,0,0
6/5/2020,Brand Search - Bing,7066.51,7794,1366,5.173140556,0.175263023,0.19697,264,52,26.76708333,135.8944231
6/5/2020,Brand Search - Google,92765.99,16077,8354,11.10437994,0.519624308,0.149135,3527,526,26.30166997,176.3611977
6/5/2020,Monetization ,1914.08,1115248,4121,0.464469789,0.003695142,0,0,0,0,0
6/5/2020,NB Search - Bing,546.26,975,42,13.00619048,0.043076923,0.176471,17,3,32.13294118,182.0866667
6/5/2020,NB Search - Google,38261.79,15740,1362,28.09235683,0.086531131,0.080997,642,52,59.59780374,735.8036538
6/5/2020,Prospecting - Discovery,34335.8088,2814824,336561,0.102019571,0.119567334,0.02445,409,10,83.95063276,3433.58088
6/5/2020,Prospecting - Facebook,13103.91,2164317,3541,3.700624117,0.001636082,0.024931,361,9,36.29891967,1455.99
6/5/2020,Prospecting - Native,3347.52,0,4157,0.805273033,0.002400348,0,22,0,152.16,0
6/5/2020,RT - Discovery,3745.3546,232462,5724,0.654324703,0.024623379,0.045455,44,2,85.12169545,1872.6773
6/5/2020,RT - Display,5912.688,362091,906,6.526145695,0.002502133,0.148148,54,8,109.4942222,739.086
6/5/2020,RT - Facebook,5284.67,294968,661,7.994962179,0.002240921,0.075472,53,4,99.71075472,1321.1675
6/5/2020,RT - Native,0,0,0,0,0,0.117647,17,2,0,0
6/5/2020,RT - YouTube,0,0,0,0,0,0,0,0,0,0
6/6/2020,Brand Search - Bing,3526.84,4569,696,5.067298851,0.152330926,0.137566,189,26,18.6605291,135.6476923
6/6/2020,Brand Search - Google,59797.4711,10688,5631,10.61933424,0.526852545,0.144389,2611,377,22.9021337,158.6139817
6/6/2020,Monetization ,1913.23,1147070,3822,0.500583464,0.003331968,0,0,0,0,0
6/6/2020,NB Search - Bing,321.9,627,26,12.38076923,0.041467305,0.1,10,1,32.19,321.9
6/6/2020,NB Search - Google,30940.19,11385,1058,29.24403592,0.092929293,0.081871,513,42,60.31226121,736.6711905
6/6/2020,Prospecting - Discovery,26123.5607,2122834,158860,0.164443917,0.074833925,0.012618,317,4,82.40870883,6530.890175
6/6/2020,Prospecting - Facebook,13283.0501,2521493,4024,3.300956784,0.00159588,0.026954,371,10,35.80336954,1328.30501
6/6/2020,Prospecting - Native,2532.66,0,3278,0.772623551,0.002703209,0.083333,24,2,105.5275,1266.33
6/6/2020,RT - Discovery,2823.4803,162055,4512,0.625771343,0.027842399,0.147059,34,5,83.04353824,564.69606
6/6/2020,RT - Display,3506.548,288972,733,4.783830832,0.002536578,0.071429,42,3,83.4892381,1168.849333
6/6/2020,RT - Facebook,5348.53,342191,740,7.227743243,0.002162535,0.095238,63,6,84.89730159,891.4216667
6/6/2020,RT - Native,0,0,0,0,0,0.111111,9,1,0,0
6/6/2020,RT - YouTube,0,0,0,0,0,0,0,0,0,0
6/7/2020,Brand Search - Bing,3180.08,3615,629,5.055771065,0.173997234,0.141975,162,23,19.63012346,138.2643478
6/7/2020,Brand Search - Google,38631.9272,8152,3964,9.745693037,0.48626104,0.08987,1925,173,20.06853361,223.3059376
6/7/2020,Monetization ,1631.51,938162,3530,0.462184136,0.003762676,0,0,0,0,0
6/7/2020,NB Search - Bing,665.8,688,47,14.16595745,0.068313953,0.076923,26,2,25.60769231,332.9
6/7/2020,NB Search - Google,25843,10603,918,28.15141612,0.08657927,0.049107,448,22,57.68526786,1174.681818
6/7/2020,Prospecting - Discovery,31860.3833,2558282,185178,0.172052745,0.072383733,0.017804,337,6,94.54119674,5310.063883
6/7/2020,Prospecting - Facebook,11266.52,1988377,3137,3.591495059,0.001577669,0.013055,383,5,29.41650131,2253.304
6/7/2020,Prospecting - Native,2959.6,0,3717,0.796233522,0.002623238,0,28,0,105.7,0
6/7/2020,RT - Discovery,2992.1084,175794,4585,0.652586347,0.026081664,0.032258,31,1,96.51962581,2992.1084
6/7/2020,RT - Display,5402.428,304717,855,6.31862924,0.002805882,0.078431,51,4,105.9299608,1350.607
6/7/2020,RT - Facebook,4614.0299,288569,634,7.277649685,0.002197048,0,64,0,72.09421719,0
6/7/2020,RT - Native,0,0,0,0,0,0,3,0,0,0
6/7/2020,RT - YouTube,0,0,0,0,0,0,0,0,0,0
6/8/2020,Brand Search - Bing,6788.82,5101,1143,5.939475066,0.224073711,0.111486,296,33,22.9352027,205.7218182
6/8/2020,Brand Search - Google,88455.8036,16862,8376,10.56062603,0.496738228,0.127023,3645,463,24.26771018,191.0492518
6/8/2020,Monetization ,1635.95,1011238,3250,0.503369231,0.003213882,0,0,0,0,0
6/8/2020,NB Search - Bing,1100.5,1459,79,13.93037975,0.054146676,0.083333,36,3,30.56944444,366.8333333
6/8/2020,NB Search - Google,40689.53,18324,1472,27.64234375,0.080331805,0.079295,681,54,59.74967695,753.5098148
6/8/2020,Prospecting - Discovery,40989.6731,3014143,351532,0.116602964,0.116627512,0.039604,505,20,81.1676695,2049.483655
6/8/2020,Prospecting - Facebook,13080.2301,1882638,3076,4.252350488,0.001633878,0.013298,376,5,34.78784601,2616.04602
6/8/2020,Prospecting - Native,3576.41,0,4485,0.797415831,0.002389771,0.096774,31,3,115.3680645,1192.136667
6/8/2020,RT - Discovery,3325.7122,158542,5167,0.643644707,0.032590733,0.078947,38,3,87.51874211,1108.570733
6/8/2020,RT - Display,4613.032,302967,712,6.478977528,0.002350091,0.051724,58,3,79.53503448,1537.677333
6/8/2020,RT - Facebook,4666.02,253553,554,8.422418773,0.002184948,0.101449,69,7,67.62347826,666.5742857
6/8/2020,RT - Native,0,0,0,0,0,0,10,0,0,0
6/8/2020,RT - YouTube,0,0,0,0,0,0,0,0,0,0
6/9/2020,Brand Search - Bing,6627.03,5108,1099,6.030054595,0.215152702,0.078292,281,22,23.58373665,301.2286364
6/9/2020,Brand Search - Google,80208.2676,15698,7972,10.06124782,0.507835393,0.122826,3623,445,22.13863307,180.243298
6/9/2020,Monetization ,1626.21,987460,3076,0.528676853,0.003115063,0,0,0,0,0
6/9/2020,NB Search - Bing,1284.94,1239,98,13.11163265,0.079096045,0.081081,37,3,34.72810811,428.3133333
6/9/2020,NB Search - Google,38938.47,17498,1428,27.26783613,0.081609327,0.081991,683,56,57.01093704,695.3298214
6/9/2020,Prospecting - Discovery,34473.1402,2509984,293997,0.117256775,0.117131026,0.036403,467,17,73.81828737,2027.831776
6/9/2020,Prospecting - Facebook,14151.3001,2157847,3500,4.0432286,0.001621987,0.013514,444,6,31.87229752,2358.550017
6/9/2020,Prospecting - Native,3377.27,0,4298,0.785777106,0.00246417,0.035714,28,1,120.6167857,3377.27
6/9/2020,RT - Discovery,3159.1158,140975,5161,0.612113118,0.036609328,0.042553,47,2,67.21522979,1579.5579
6/9/2020,RT - Display,5152.188,322518,845,6.097263905,0.002620009,0.066667,60,4,85.8698,1288.047
6/9/2020,RT - Facebook,4495.82,255463,507,8.867495069,0.001984632,0.039216,51,2,88.15333333,2247.91
6/9/2020,RT - Native,0,0,0,0,0,0.066667,15,1,0,0
6/9/2020,RT - YouTube,0,0,0,0,0,0,0,0,0,0
6/10/2020,Brand Search - Bing,7073.05,5427,1170,6.04534188,0.215588723,0.125,256,32,27.62910156,221.0328125
6/10/2020,Brand Search - Google,75852.4897,15277,7611,9.966166036,0.498199908,0.131984,3508,463,21.62271656,163.8282715
6/10/2020,Monetization ,1630.06,803718,3233,0.504194247,0.004022555,0,0,0,0,0
6/10/2020,NB Search - Bing,1028,1229,71,14.47887324,0.057770545,0.111111,27,3,38.07407407,342.6666667
6/10/2020,NB Search - Google,42923.13,17639,1546,27.76399094,0.087646692,0.083682,717,60,59.8648954,715.3855
6/10/2020,Prospecting - Discovery,24816.8535,1875222,241572,0.10273067,0.128823147,0.019022,368,7,67.4371019,3545.264786
6/10/2020,Prospecting - Facebook,14152.0901,1719706,3085,4.587387391,0.001793911,0.01199,417,5,33.93786595,2830.41802
6/10/2020,Prospecting - Native,3445.05,0,4535,0.759658214,0.002785194,0.071429,28,2,123.0375,1722.525
6/10/2020,RT - Discovery,3523.7945,170375,5272,0.668398046,0.030943507,0.033898,59,2,59.72533051,1761.89725
6/10/2020,RT - Display,4251.216,328541,846,5.025078014,0.002575021,0.05,40,2,106.2804,2125.608
6/10/2020,RT - Facebook,4509.41,214624,461,9.781800434,0.002147942,0.056338,71,4,63.5128169,1127.3525
6/10/2020,RT - Native,0,0,0,0,0,0.111111,9,1,0,0
6/10/2020,RT - YouTube,0,0,0,0,0,0,0,0,0,0
6/11/2020,Brand Search - Bing,8178.69,10311,1932,4.233276398,0.187372709,0.164706,255,42,32.07329412,194.7307143
6/11/2020,Brand Search - Google,84114.3825,15447,7970,10.55387484,0.515957791,0.142657,3561,508,23.62100042,165.5794931
6/11/2020,Monetization ,1712.96,965820,4399,0.38939759,0.004554679,0,0,0,0,0
6/11/2020,NB Search - Bing,1120.18,1135,71,15.7771831,0.062555066,0.233333,30,7,37.33933333,160.0257143
6/11/2020,NB Search - Google,41191.54,17336,1530,26.92257516,0.088255653,0.082418,728,60,56.58178571,686.5256667
6/11/2020,Prospecting - Discovery,24918.2489,1654138,233622,0.106660541,0.141234891,0.028796,382,11,65.23101806,2265.295355
6/11/2020,Prospecting - Facebook,14362.8001,1672281,5144,2.792146209,0.003076038,0.013483,445,6,32.27595528,2393.800017
6/11/2020,Prospecting - Native,3521.37,0,4154,0.847705826,0.002866579,0.058824,17,1,207.1394118,3521.37
6/11/2020,RT - Discovery,3126.0981,168200,5098,0.613200883,0.030309156,0.070175,57,4,54.84382632,781.524525
6/11/2020,RT - Display,5031.008,341231,806,6.241945409,0.002362036,0.032258,62,2,81.14529032,2515.504
6/11/2020,RT - Facebook,4597.35,202660,746,6.16266756,0.003681042,0.067797,59,4,77.92118644,1149.3375
6/11/2020,RT - Native,0,0,0,0,0,0,10,0,0,0
6/11/2020,RT - YouTube,0,0,0,0,0,0,0,0,0,0
6/12/2020,Brand Search - Bing,7050.55,7505,1237,5.699717057,0.164823451,0.159363,251,40,28.08984064,176.26375
6/12/2020,Brand Search - Google,84559.6756,15378,7920,10.67672672,0.515021459,0.163081,3440,561,24.58130105,150.7302595
6/12/2020,Monetization ,1679.05,593950,4167,0.402939765,0.007015742,0,0,0,0,0
6/12/2020,NB Search - Bing,987.14,1007,69,14.30637681,0.068520358,0,19,0,51.95473684,0
6/12/2020,NB Search - Google,39047.2,16088,1386,28.17258297,0.086151169,0.080916,655,53,59.6140458,736.7396226
6/12/2020,Prospecting - Discovery,22757.3056,1434024,172519,0.13191188,0.120304123,0.042208,308,13,73.88735584,1750.561969
6/12/2020,Prospecting - Facebook,14570.41,1617155,4379,3.327337292,0.002707842,0.009877,405,4,35.97632099,3642.6025
6/12/2020,Prospecting - Native,2998.07,0,3498,0.857081189,0.002895544,0.142857,21,3,142.7652381,999.3566667
6/12/2020,Prospecting - YouTube,0,0,0,0,0,0,0,0,0,0
6/12/2020,RT - Discovery,3169.0418,159930,5115,0.619558514,0.031982742,0.095238,42,4,75.45337619,792.26045
6/12/2020,RT - Display,4888.068,298823,761,6.42321682,0.002546658,0.166667,48,8,101.83475,611.0085
6/12/2020,RT - Facebook,4644.9,201254,740,6.276891892,0.003676946,0.056338,71,4,65.42112676,1161.225
6/12/2020,RT - Native,0,0,0,0,0,0.111111,9,1,0,0
6/12/2020,RT - YouTube,0,0,0,0,0,0,0,0,0,0
6/13/2020,Brand Search - Bing,3578.52,4702,695,5.14894964,0.147809443,0.141243,177,25,20.21762712,143.1408
6/13/2020,Brand Search - Google,55439.37,10409,5502,10.07622137,0.528581036,0.131082,2487,326,22.29166466,170.0594172
6/13/2020,Monetization ,1746.2601,669282,2828,0.617489427,0.004225424,0,0,0,0,0
6/13/2020,NB Search - Bing,505.95,603,37,13.67432432,0.061359867,0.222222,18,4,28.10833333,126.4875
6/13/2020,NB Search - Google,28813.7,11469,997,28.9004012,0.086929985,0.02947,509,15,56.60844794,1920.913333
6/13/2020,Prospecting - Discovery,26148.0704,1821567,187691,0.13931446,0.103038208,0.037406,401,15,65.2071581,1743.204693
6/13/2020,Prospecting - Facebook,15453.7803,1749583,3222,4.796331564,0.001841582,0.012658,395,5,39.12349443,3090.75606
6/13/2020,Prospecting - Native,2355.49,0,2777,0.8482139,0.003472991,0,11,0,214.1354545,0
6/13/2020,RT - Discovery,3038.4696,182555,4766,0.63753034,0.026107201,0.023256,43,1,70.66208372,3038.4696
6/13/2020,RT - Display,3910.968,256189,706,5.539614731,0.002755778,0.166667,30,5,130.3656,782.1936
6/13/2020,RT - Facebook,5022.4701,221250,512,9.809511914,0.002314124,0,53,0,94.76358679,0
6/13/2020,RT - Native,0,0,0,0,0,0.125,8,1,0,0
6/13/2020,RT - YouTube,0,0,0,0,0,0,0,0,0,0
6/14/2020,Brand Search - Bing,2899.19,2839,568,5.104207746,0.200070447,0.194444,144,28,20.13326389,103.5425
6/14/2020,Brand Search - Google,38296.32,8231,4115,9.306517618,0.499939254,0.080143,1959,157,19.54891271,243.9256051
6/14/2020,Monetization ,1663.84,696198,2835,0.586892416,0.004072117,0,0,0,0,0
6/14/2020,NB Search - Bing,347.93,587,29,11.99758621,0.049403748,0,9,0,38.65888889,0
6/14/2020,NB Search - Google,26339.77,10617,915,28.78663388,0.086182537,0.061785,437,27,60.27407323,975.547037
6/14/2020,Prospecting - Discovery,23153.6985,1725599,149995,0.154363135,0.086923439,0.022654,309,7,74.93106311,3307.671214
6/14/2020,Prospecting - Facebook,14088.5601,1477252,2909,4.843093881,0.001969197,0.010256,390,4,36.12451308,3522.140025
6/14/2020,Prospecting - Native,2460.14,0,2763,0.89038726,0.003333193,0,15,0,164.0093333,0
6/14/2020,RT - Discovery,3266.3579,214425,4943,0.660804754,0.023052349,0.027778,36,1,90.73216389,3266.3579
6/14/2020,RT - Display,2987.048,279040,639,4.67456651,0.002289994,0,29,0,103.0016552,0
6/14/2020,RT - Facebook,4285.64,179145,401,10.68738155,0.00223841,0,51,0,84.03215686,0
6/14/2020,RT - Native,0,0,0,0,0,0.333333,3,1,0,0
6/14/2020,RT - YouTube,0,0,0,0,0,0,0,0,0,0
6/15/2020,Brand Search - Bing,6873.34,12251,1537,4.471919323,0.125459146,0.141818,275,39,24.99396364,176.2394872
6/15/2020,Brand Search - Google,86294.6977,16804,8419,10.24999379,0.501011664,0.141203,3541,500,24.37014903,172.5893954
6/15/2020,Monetization ,1620.29,687062,2823,0.573960326,0.0041088,0,0,0,0,0
6/15/2020,NB Search - Bing,1057.51,1197,79,13.38620253,0.065998329,0.032258,31,1,34.11322581,1057.51
6/15/2020,NB Search - Google,42082.45,18544,1484,28.35744609,0.080025884,0.089762,713,64,59.021669,657.5382813
6/15/2020,Prospecting - Discovery,19379.9971,1321004,140039,0.138389999,0.10600952,0.034722,288,10,67.2916566,1937.99971
6/15/2020,Prospecting - Facebook,14499.41,1309867,2584,5.61122678,0.001972719,0.016043,374,6,38.76847594,2416.568333
6/15/2020,Prospecting - Native,3221.06,0,3805,0.846533509,0.002552645,0.037037,27,1,119.2985185,3221.06
6/15/2020,RT - Discovery,3506.1872,164143,5689,0.616309931,0.034658804,0.025641,39,1,89.9022359,3506.1872
6/15/2020,RT - Display,4679.032,282540,650,7.198510769,0.002300559,0.093023,43,4,108.8146977,1169.758
6/15/2020,RT - Facebook,4351.58,165318,384,11.33223958,0.002322796,0.02439,41,1,106.1360976,4351.58
6/15/2020,RT - Native,0,0,0,0,0,0.066667,15,1,0,0
6/15/2020,RT - YouTube,0,0,0,0,0,0,0,0,0,0
6/16/2020,Brand Search - Bing,6878.87,12494,1514,4.543507266,0.121178166,0.132841,271,36,25.38328413,191.0797222
6/16/2020,Brand Search - Google,76520.2651,15159,7709,9.926094837,0.50854278,0.141458,3471,491,22.0455964,155.8457538
6/16/2020,Monetization ,1575.75,604027,2809,0.560964756,0.004650454,0,0,0,0,0
6/16/2020,NB Search - Bing,1035.01,1435,78,13.26935897,0.054355401,0.083333,24,2,43.12541667,517.505
6/16/2020,NB Search - Google,40669.72,18049,1490,27.29511409,0.08255305,0.073976,757,56,53.72486129,726.245
6/16/2020,Prospecting - Discovery,11293.2842,1033454,95463,0.118300118,0.092372762,0.029167,240,7,47.05535083,1613.326314
6/16/2020,Prospecting - Facebook,14437.8002,1264894,2499,5.777431052,0.00197566,0.02356,382,9,37.79528848,1604.200022
6/16/2020,Prospecting - Native,3126.01,0,3378,0.925402605,0.002444637,0.066667,15,1,208.4006667,3126.01
6/16/2020,RT - Discovery,3342.1325,179423,5449,0.613347862,0.030369574,0.041667,48,2,69.62776042,1671.06625
6/16/2020,RT - Display,5497.512,270751,664,8.279385542,0.002452438,0.068182,44,3,124.9434545,1832.504
6/16/2020,RT - Facebook,4292.37,153906,320,13.41365625,0.002079191,0.025641,39,1,110.0607692,4292.37
6/16/2020,RT - Native,0,0,0,0,0,0,8,0,0,0
6/16/2020,RT - YouTube,0,0,0,0,0,0,0,0,0,0
6/17/2020,Brand Search - Bing,6232.42,12180,1285,4.850132296,0.105500821,0.165939,229,38,27.21580786,164.0110526
6/17/2020,Brand Search - Google,75429.03,15057,7502,10.05452279,0.498240021,0.145785,3464,505,21.77512413,149.3644158
6/17/2020,Monetization ,1696.25,654267,2753,0.616146023,0.004207762,0,0,0,0,0
6/17/2020,NB Search - Bing,1177.16,1278,89,13.22651685,0.069640063,0.206897,29,6,40.59172414,196.1933333
6/17/2020,NB Search - Google,41755.83,17564,1533,27.23798434,0.087280802,0.072165,776,56,53.80905928,745.6398214
6/17/2020,Prospecting - Discovery,8776.9583,708205,98960,0.08869198,0.139733552,0.042857,210,9,41.79503952,975.2175889
6/17/2020,Prospecting - Facebook,14152.8301,1443713,2783,5.085458175,0.001927668,0.009685,413,4,34.26835375,3538.207525
6/17/2020,Prospecting - Native,2609.57,0,2719,0.959753586,0.00239438,0.130435,23,3,113.4595652,869.8566667
6/17/2020,Prospecting - YouTube,0,0,0,0,0,0,0,0,0,0
6/17/2020,RT - Discovery,3725.389,185302,6284,0.592837206,0.033912208,0.05,60,3,62.08981667,1241.796333
6/17/2020,RT - Display,4456.876,266939,690,6.45924058,0.00258486,0.075472,53,4,84.092,1114.219
6/17/2020,RT - Facebook,4208.6299,177741,367,11.4676564,0.002064802,0.038462,52,2,80.93519038,2104.31495
6/17/2020,RT - Native,0,0,0,0,0,0,13,0,0,0
6/17/2020,RT - YouTube,0,0,0,0,0,0,0,0,0,0
6/18/2020,Brand Search - Bing,6530,7646,1145,5.703056769,0.149751504,0.14741,251,37,26.01593625,176.4864865
6/18/2020,Brand Search - Google,84925.644,15114,7729,10.98792134,0.511380177,0.143024,3419,489,24.83932261,173.6720736
6/18/2020,Monetization ,1669.65,634564,2814,0.593336887,0.004434541,0,0,0,0,0
6/18/2020,NB Search - Bing,1204.68,1175,89,13.53573034,0.075744681,0.074074,27,2,44.61777778,602.34
6/18/2020,NB Search - Google,37583.18,16928,1386,27.11629149,0.081876181,0.096154,676,65,55.59642012,578.2027692
6/18/2020,Prospecting - Discovery,13538.9409,910440,85200,0.158907757,0.093581126,0.03139,223,7,60.71273946,1934.134414
6/18/2020,Prospecting - Facebook,14459.09,1496680,2761,5.236903296,0.00184475,0.013953,430,6,33.6257907,2409.848333
6/18/2020,Prospecting - Native,2774.72,0,2699,1.028054835,0.002775182,0.05,20,1,138.736,2774.72
6/18/2020,RT - Discovery,3260.0669,168688,5680,0.57395544,0.03367163,0.113636,44,5,74.09242955,652.01338
6/18/2020,RT - Display,4666.196,298049,793,5.88423203,0.002660636,0.074074,54,4,86.41103704,1166.549
6/18/2020,RT - Facebook,4286.98,164599,386,11.1061658,0.002345093,0.041667,48,2,89.31208333,2143.49
6/18/2020,RT - Native,0,0,0,0,0,0,5,0,0,0
6/18/2020,RT - YouTube,0,0,0,0,0,0,0,0,0,0
6/19/2020,Brand Search - Bing,5678.4,5389,971,5.847991761,0.180181852,0.181416,226,41,25.12566372,138.497561
6/19/2020,Brand Search - Google,83578.2,15172,7727,10.81638411,0.509293435,0.174442,3451,602,24.21854535,138.8342193
6/19/2020,Monetization ,1687.16,714399,2805,0.601483066,0.003926377,0,0,0,0,0
6/19/2020,NB Search - Bing,980.2,1109,73,13.42739726,0.065825068,0.071429,28,2,35.00714286,490.1
6/19/2020,NB Search - Google,35209.48,15698,1296,27.16780864,0.082558288,0.103611,637,66,55.27390895,533.4769697
6/19/2020,Prospecting - Discovery,12121.3756,956851,107492,0.112765374,0.11233933,0.090395,177,16,68.48234802,757.585975
6/19/2020,Prospecting - Facebook,14518.5401,1524347,2738,5.302607779,0.001796179,0.026699,412,11,35.239175,1319.867282
6/19/2020,Prospecting - Native,2942.67,0,3065,0.960088091,0.00264326,0.041667,24,1,122.61125,2942.67
6/19/2020,RT - Discovery,3419.508,179714,5808,0.588758264,0.032318016,0.054054,37,2,92.41913514,1709.754
6/19/2020,RT - Display,4137.716,284700,749,5.524320427,0.002630839,0.104167,48,5,86.20241667,827.5432
6/19/2020,RT - Facebook,4362.12,175364,421,10.36133017,0.002400721,0.051724,58,3,75.20896552,1454.04
6/19/2020,RT - Native,0,0,0,0,0,0,6,0,0,0
6/19/2020,RT - YouTube,0,0,0,0,0,0,0,0,0,0
6/20/2020,Brand Search - Bing,3004.91,3835,584,5.145393836,0.152281617,0.089655,145,13,20.72351724,231.1469231
6/20/2020,Brand Search - Google,52137.73,10053,5270,9.8933074,0.524221625,0.138539,2382,330,21.88821579,157.9931212
6/20/2020,Monetization ,1749.0598,597311,2682,0.652147576,0.004490123,0,0,0,0,0
6/20/2020,NB Search - Bing,634.63,641,45,14.10288889,0.070202808,0,19,0,33.40157895,0
6/20/2020,NB Search - Google,25680.53,10722,875,29.34917714,0.081607909,0.074157,445,33,57.70905618,778.1978788
6/20/2020,Prospecting - Discovery,7998.0385,641054,54937,0.145585644,0.085697929,0.079365,126,10,63.47649603,799.80385
6/20/2020,Prospecting - Facebook,15460.2699,1526740,2744,5.634209147,0.001797294,0.020772,337,7,45.87617181,2208.609986
6/20/2020,Prospecting - Native,2365.41,0,2197,1.076654529,0.00314294,0.153846,13,2,181.9546154,1182.705
6/20/2020,RT - Discovery,3006.138,152167,4952,0.607055331,0.032543193,0.090909,33,3,91.09509091,1002.046
6/20/2020,RT - Display,4131.428,254358,731,5.65174829,0.002873902,0.095238,42,4,98.36733333,1032.857
6/20/2020,RT - Facebook,4743.93,188530,422,11.24154028,0.002238371,0.038462,52,2,91.22942308,2371.965
6/20/2020,RT - Native,0,0,0,0,0,0,2,0,0,0
6/20/2020,RT - YouTube,0,0,0,0,0,0,0,0,0,0
6/21/2020,Brand Search - Bing,2282.74,4259,484,4.716404959,0.1136417,0.130081,123,16,18.55886179,142.67125
6/21/2020,Brand Search - Google,32573.37,7416,3543,9.193725656,0.477750809,0.093125,1600,149,20.35835625,218.6132215
6/21/2020,Monetization ,1666.7101,588693,2928,0.569231592,0.00497373,0,0,0,0,0
6/21/2020,NB Search - Bing,501.69,602,36,13.93583333,0.059800664,0.071429,14,1,35.835,501.69
6/21/2020,NB Search - Google,20637.6,9952,744,27.73870968,0.074758842,0.060519,347,21,59.47435159,982.7428571
6/21/2020,Prospecting - Discovery,10374.1451,786984,91563,0.113300625,0.116346711,0.026144,153,4,67.80486993,2593.536275
6/21/2020,Prospecting - Facebook,13962.0198,1527853,2574,5.424250117,0.001684717,0.009259,324,3,43.0926537,4654.0066
6/21/2020,Prospecting - Native,2257.81,0,2055,1.098690998,0.00295609,0.125,8,1,282.22625,2257.81
6/21/2020,RT - Discovery,2762.146,142321,4738,0.582977206,0.033290941,0.066667,30,2,92.07153333,1381.073
6/21/2020,RT - Display,3696.436,255892,714,5.177081232,0.00279024,0.02,50,1,73.92872,3696.436
6/21/2020,RT - Facebook,4203,176401,381,11.03149606,0.002159852,0.042553,47,2,89.42553191,2101.5
6/21/2020,RT - YouTube,0,0,0,0,0,0,0,0,0,0
6/22/2020,Brand Search - Bing,5228.07,5068,914,5.719989059,0.180347277,0.111111,270,30,19.36322222,174.269
6/22/2020,Brand Search - Google,84225.1109,16493,8068,10.43940393,0.489177227,0.134157,3481,467,24.1956653,180.3535565
6/22/2020,Monetization ,1632.9,600156,2720,0.600330882,0.004532155,0,0,0,0,0
6/22/2020,NB Search - Bing,1051.54,1336,72,14.60472222,0.053892216,0.035714,28,1,37.555,1051.54
6/22/2020,NB Search - Google,42380.66,18532,1528,27.73603403,0.082451975,0.080229,698,56,60.71727794,756.7975
6/22/2020,Prospecting - Discovery,8336.2824,675722,67653,0.123221179,0.100119576,0.034286,175,6,47.63589943,1389.3804
6/22/2020,Prospecting - Facebook,14632.2199,1393692,2371,6.171328511,0.001701237,0.005495,364,2,40.19840632,7316.10995
6/22/2020,Prospecting - Native,2840.33,0,2604,1.090756528,0.002502739,0,25,0,113.6132,0
6/22/2020,RT - Discovery,3275.0926,148406,5578,0.587144604,0.037586081,0.041667,48,2,68.23109583,1637.5463
6/22/2020,RT - Display,2929.772,282613,696,4.209442529,0.002462732,0.069767,43,3,68.13423256,976.5906667
6/22/2020,RT - Facebook,4346.43,158383,372,11.68395161,0.002348737,0.035714,56,2,77.61482143,2173.215
6/22/2020,RT - Native,0,0,0,0,0,0.2,5,1,0,0
6/22/2020,RT - YouTube,0,0,0,0,0,0,0,0,0,0
6/23/2020,Brand Search - Bing,5451.94,4408,789,6.909936629,0.17899274,0.119048,210,25,25.96161905,218.0776
6/23/2020,Brand Search - Google,79833.935,15617,7722,10.33850492,0.494461164,0.131378,3410,448,23.41171114,178.2007478
6/23/2020,Monetization ,1629.86,503442,2890,0.563965398,0.005740483,0,0,0,0,0
6/23/2020,NB Search - Bing,1357.61,1319,93,14.59795699,0.070507961,0.142857,28,4,48.48607143,339.4025
6/23/2020,NB Search - Google,42494.39,18722,1555,27.32758199,0.083057366,0.084932,730,62,58.21149315,685.3933871
6/23/2020,Prospecting - Discovery,9683.4441,792699,74757,0.129532273,0.094306919,0.080952,210,17,46.11163857,569.6143588
6/23/2020,Prospecting - Facebook,14185.32,1211578,2375,5.972766316,0.001960253,0.00978,409,4,34.68293399,3546.33
6/23/2020,Prospecting - Native,2645,0,2384,1.109479866,0.002484801,0,21,0,125.952381,0
6/23/2020,RT - Discovery,3257.9606,180684,5633,0.578370424,0.031175976,0.0625,32,2,101.8112688,1628.9803
6/23/2020,RT - Display,4387.732,287739,705,6.223733333,0.002450137,0.214286,42,9,104.4698095,487.5257778
6/23/2020,RT - Facebook,4212.26,155651,374,11.26272727,0.002402811,0,46,0,91.57086957,0
6/23/2020,RT - Native,0,0,0,0,0,0,2,0,0,0
6/23/2020,RT - YouTube,0,0,0,0,0,0,0,0,0,0
6/24/2020,Brand Search - Bing,5585.45,4766,770,7.253831169,0.161561057,0.170635,252,43,22.16448413,129.894186
6/24/2020,Brand Search - Google,78324.92,15276,7384,10.60738353,0.483372611,0.140036,3342,468,23.43654099,167.3609402
6/24/2020,Monetization ,1647.2802,469340,2793,0.589788829,0.00595091,0,0,0,0,0
6/24/2020,NB Search - Bing,1225.66,1398,82,14.94707317,0.058655222,0.129032,31,4,39.53741935,306.415
6/24/2020,NB Search - Google,44416.57,18427,1574,28.2189136,0.085418136,0.07393,771,57,57.60904021,779.2380702
6/24/2020,Prospecting - Discovery,8973.0391,697314,50366,0.178156675,0.07222858,0.038647,207,8,43.34801498,1121.629888
6/24/2020,Prospecting - Facebook,14239.6399,1171965,2247,6.337178416,0.001917293,0.020253,395,8,36.04972127,1779.954988
6/24/2020,Prospecting - Native,2428.16,0,2096,1.158473282,0.002285841,0.157895,19,3,127.7978947,809.3866667
6/24/2020,RT - Discovery,3240.9421,161735,5339,0.607031673,0.033010789,0.046512,43,2,75.37074651,1620.47105
6/24/2020,RT - Display,4344.2,224308,588,7.388095238,0.002621396,0.108696,46,5,94.43913043,868.84
6/24/2020,RT - Facebook,4236.49,147061,347,12.2089049,0.002359565,0,43,0,98.52302326,0
6/24/2020,RT - Native,0,0,0,0,0,0,4,0,0,0
6/24/2020,RT - YouTube,0,0,0,0,0,0,0,0,0,0
6/25/2020,Brand Search - Bing,6101.99,5010,853,7.153563892,0.170259481,0.128755,233,30,26.18879828,203.3996667
6/25/2020,Brand Search - Google,88463.21,15593,7716,11.46490539,0.494837427,0.148791,3515,523,25.16734282,169.145717
6/25/2020,Monetization ,1651.69,514698,2471,0.668429786,0.004800874,0,0,0,0,0
6/25/2020,NB Search - Bing,1362.22,1429,109,12.49743119,0.076277117,0.105263,38,4,35.84789474,340.555
6/25/2020,NB Search - Google,41302.56,17889,1466,28.17364256,0.081949802,0.082153,706,58,58.50220963,712.1131034
6/25/2020,Prospecting - Discovery,8113.7141,641491,61886,0.131107425,0.096472125,0.019737,152,3,53.37969803,2704.571367
6/25/2020,Prospecting - Facebook,14289.3001,1162392,2294,6.22898871,0.001973517,0.009828,407,4,35.10884545,3572.325025
6/25/2020,Prospecting - Native,2276.41,0,1769,1.28683437,0.002281397,0.05,20,1,113.8205,2276.41
6/25/2020,RT - Discovery,3237.4288,170484,5430,0.596211565,0.031850496,0.071429,42,3,77.0816381,1079.142933
6/25/2020,RT - Display,3935.876,269894,700,5.62268,0.002593611,0.046512,43,2,91.532,1967.938
6/25/2020,RT - Facebook,4296.99,160108,349,12.31229226,0.002179779,0.09434,53,5,81.07528302,859.398
6/25/2020,RT - Native,0,0,0,0,0,0,1,0,0,0
6/25/2020,RT - YouTube,0,0,0,0,0,0,0,0,0,0
6/26/2020,Brand Search - Bing,5078.13,6394,811,6.261565968,0.12683766,0.154206,214,33,23.72957944,153.8827273
6/26/2020,Brand Search - Google,90568.7217,15436,7589,11.93421026,0.491642913,0.167769,3326,558,27.23052366,162.3095371
6/26/2020,Monetization ,1676.85,538432,2427,0.69091471,0.004507533,0,0,0,0,0
6/26/2020,NB Search - Bing,1114.34,1167,83,13.42578313,0.071122536,0.111111,36,4,30.95388889,278.585
6/26/2020,NB Search - Google,39859.35,16345,1396,28.55254298,0.085408382,0.090529,718,65,55.51441504,613.2207692
6/26/2020,Prospecting - Discovery,6916.5191,522893,54101,0.12784457,0.103464762,0.104348,115,12,60.14364435,576.3765917
6/26/2020,Prospecting - Facebook,14545.8299,1235272,2129,6.832235744,0.001723507,0.016997,353,6,41.206317,2424.304983
6/26/2020,Prospecting - Native,2315.1,0,1659,1.395479204,0.00236817,0.058824,17,1,136.1823529,2315.1
6/26/2020,RT - Discovery,3134.8956,159838,5101,0.614564909,0.031913562,0.04878,41,2,76.46086829,1567.4478
6/26/2020,RT - Display,4460.112,253852,659,6.768,0.002596001,0.093023,43,4,103.7235349,1115.028
6/26/2020,RT - Facebook,4369.15,152848,370,11.80851351,0.002420706,0.022222,45,1,97.09222222,4369.15
6/26/2020,RT - Native,0,0,0,0,0,0,1,0,0,0
6/26/2020,RT - YouTube,0,0,0,0,0,0,0,0,0,0
6/27/2020,Brand Search - Bing,2845.14,3105,453,6.280662252,0.14589372,0.125,152,19,18.71802632,149.7442105
6/27/2020,Brand Search - Google,59833.58,10714,5358,11.16714819,0.500093336,0.143531,2543,365,23.52873771,163.9276164
6/27/2020,Monetization ,1756.71,585821,2397,0.732878598,0.004091694,0,0,0,0,0
6/27/2020,NB Search - Bing,626.79,699,38,16.49447368,0.054363376,0.263158,19,5,32.98894737,125.358
6/27/2020,NB Search - Google,28932.19,11561,991,29.1949445,0.085719228,0.107212,513,55,56.39803119,526.0398182
6/27/2020,Prospecting - Discovery,9481.7119,610678,66223,0.143178532,0.108441765,0.044199,181,8,52.38514862,1185.213988
6/27/2020,Prospecting - Display,3.51,2023,21,0.167142857,0.010380623,0,0,0,0,0
6/27/2020,Prospecting - Facebook,15709.0502,1244510,2358,6.662022986,0.001894722,0.014451,346,5,45.40187919,3141.81004
6/27/2020,Prospecting - Native,1848.77,0,1304,1.417768405,0.002894112,0.0625,16,1,115.548125,1848.77
6/27/2020,Prospecting - YouTube,0,0,0,0,0,0,1,0,0,0
6/27/2020,RT - Discovery,2930.1523,136657,4455,0.657722177,0.032599867,0.054054,37,2,79.19330541,1465.07615
6/27/2020,RT - Display,2406.716,235328,703,3.423493599,0.00298732,0.1,30,3,80.22386667,802.2386667
6/27/2020,RT - Facebook,4785.68,169213,429,11.15543124,0.002535266,0.053571,56,3,85.45857143,1595.226667
6/27/2020,RT - Native,0,0,0,0,0,0,4,0,0,0
6/27/2020,RT - YouTube,0,0,0,0,0,0,0,0,0,0
6/28/2020,Brand Search - Bing,2435.71,2501,402,6.0589801,0.160735706,0.125984,127,16,19.1788189,152.231875
6/28/2020,Brand Search - Google,40573.37,8546,3987,10.17641585,0.466534051,0.099531,1919,191,21.14297551,212.4260209
6/28/2020,Monetization ,1666.59,626638,2391,0.697026349,0.0038156,0,0,0,0,0
6/28/2020,NB Search - Bing,582.32,673,39,14.93128205,0.05794948,0,15,0,38.82133333,0
6/28/2020,NB Search - Google,26972.57,10883,908,29.70547357,0.083432877,0.037611,452,17,59.67382743,1586.621765
6/28/2020,Prospecting - Discovery,7539.0277,619401,51691,0.145847975,0.083453207,0.036364,165,6,45.69107697,1256.504617
6/28/2020,Prospecting - Display,2.23,619,6,0.371666667,0.009693053,0,0,0,0,0
6/28/2020,Prospecting - Facebook,13978.0901,1224113,2297,6.085367915,0.001876461,0.008287,362,3,38.61350856,4659.363367
6/28/2020,Prospecting - Native,1760.71,0,1221,1.442022932,0.002873881,0.055556,18,1,97.81722222,1760.71
6/28/2020,RT - Discovery,2767.415,135982,4495,0.615665184,0.033055846,0,31,0,89.27145161,0
6/28/2020,RT - Display,3265.872,231182,689,4.740017417,0.002980336,0.081081,37,3,88.26681081,1088.624
6/28/2020,RT - Facebook,4199.97,154448,346,12.13864162,0.002240236,0,45,0,93.33266667,0
6/28/2020,RT - Native,0,0,0,0,0,0,1,0,0,0
6/28/2020,RT - YouTube,0,0,0,0,0,0,0,0,0,0
6/29/2020,Brand Search - Bing,4878.02,4290,726,6.719035813,0.169230769,0.146341,205,30,23.79521951,162.6006667
6/29/2020,Brand Search - Google,89651.3214,17070,7947,11.28115281,0.465553603,0.135182,3425,463,26.17556829,193.6313637
6/29/2020,Monetization ,1660.48,603701,2662,0.6237716,0.004409468,0,0,0,0,0
6/29/2020,NB Search - Bing,1261.74,1252,94,13.42276596,0.075079872,0.166667,48,8,26.28625,157.7175
6/29/2020,NB Search - Google,49185.55,19082,1650,29.80942424,0.086468924,0.054334,773,42,63.62943079,1171.084524
6/29/2020,Prospecting - Discovery,7814.2898,639926,62150,0.12573274,0.097120605,0.006135,163,1,47.94042822,7814.2898
6/29/2020,Prospecting - Display,25.58,47689,86,0.29744186,0.001803351,0,0,0,0,0
6/29/2020,Prospecting - Facebook,14614.5601,1289805,2213,6.603958473,0.001715763,0.026385,379,10,38.56084459,1461.45601
6/29/2020,Prospecting - Native,2907.34,0,2158,1.347238184,0.002815391,0.052632,19,1,153.0178947,2907.34
6/29/2020,Prospecting - YouTube,0,0,0,0,0,0,0,0,0,0
6/29/2020,RT - Discovery,3286.2179,131701,5219,0.629664284,0.039627641,0.021739,46,1,71.43951957,3286.2179
6/29/2020,RT - Display,1689.34,246378,682,2.477038123,0.002768104,0,33,0,51.19212121,0
6/29/2020,RT - Facebook,4347.93,158240,345,12.60269565,0.002180233,0.097561,41,4,106.0470732,1086.9825
6/29/2020,RT - Native,0,0,0,0,0,0,4,0,0,0
6/29/2020,RT - YouTube,0,0,0,0,0,0,0,0,0,0
6/30/2020,Brand Search - Bing,5882.76,5189,828,7.104782609,0.159568318,0.19305,259,50,22.71335907,117.6552
6/30/2020,Brand Search - Google,84999.8968,16231,7979,10.6529511,0.491590167,0.141862,3588,509,23.69004928,166.9939033
6/30/2020,Monetization ,1667.9,690297,2579,0.646723536,0.003736073,0,0,0,0,0
6/30/2020,NB Search - Bing,1132.67,1324,78,14.52141026,0.058912387,0.12,25,3,45.3068,377.5566667
6/30/2020,NB Search - Google,56855.35,155559,7864,7.229825788,0.050553166,0.085253,868,74,65.5015553,768.3155405
6/30/2020,Prospecting - Discovery,11398.9473,864574,89344,0.127584922,0.103338754,0.025751,233,6,48.9225206,1899.82455
6/30/2020,Prospecting - Display,2.94,3376,17,0.172941176,0.005035545,0,0,0,0,0
6/30/2020,Prospecting - Facebook,14642.2301,1371491,2512,5.828913256,0.001831583,0.018913,423,8,34.61520118,1830.278763
6/30/2020,Prospecting - Native,3048.93,0,2681,1.137236106,0.003194812,0.038462,26,1,117.2665385,3048.93
6/30/2020,Prospecting - YouTube,0,0,0,0,0,0,0,0,0,0
6/30/2020,RT - Discovery,3562.3753,133152,5786,0.615688783,0.043454098,0.051724,58,3,61.42026379,1187.458433
6/30/2020,RT - Display,2431.432,240026,635,3.829026772,0.002645547,0.078947,38,3,63.98505263,810.4773333
6/30/2020,RT - Facebook,4288.74,156380,396,10.83015152,0.002532293,0.043478,46,2,93.23347826,2144.37
6/30/2020,RT - Native,0,0,0,0,0,0,2,0,0,0
6/30/2020,RT - YouTube,0,0,0,0,0,0,0,0,0,0
7/1/2020,Brand Search - Bing,5894.72,6725,882,6.683356009,0.131152416,0.191837,245,47,24.06008163,125.4195745
7/1/2020,Brand Search - Google,85215.6619,16455,8127,10.48550042,0.493892434,0.155581,3548,552,24.01794304,154.3761991
7/1/2020,Monetization ,559.57,278275,1027,0.544858812,0.003690594,0,0,0,0,0
7/1/2020,NB Search - Bing,1182.8,1267,89,13.28988764,0.070244672,0,31,0,38.15483871,0
7/1/2020,NB Search - Google,51290.67,20942,1714,29.92454492,0.081845096,0.084309,854,72,60.05933255,712.3704167
7/1/2020,Prospecting - Discovery,10792.4268,800674,1971,5.475609741,0.002461676,0.020305,197,4,54.78389239,2698.1067
7/1/2020,Prospecting - Display,0.56,387,5,0.112,0.012919897,0,0,0,0,0
7/1/2020,Prospecting - Facebook,5282.59,611503,1179,4.480568278,0.001928036,0.02924,171,5,30.89233918,1056.518
7/1/2020,Prospecting - Native,3811.68,0,3406,1.119107457,0.002456104,0.076923,13,1,293.2061538,3811.68
7/1/2020,Prospecting - YouTube,525.7387,37678,92,5.714551087,0.002441743,0,3,0,175.2462333,0
7/1/2020,RT - Discovery,3358.4925,111907,600,5.5974875,0.005361595,0.088235,34,3,98.77919118,1119.4975
7/1/2020,RT - Display,6035.398,281392,701,8.609697575,0.002491187,0.195652,46,9,131.2043043,670.5997778
7/1/2020,RT - Facebook,1599.44,74669,163,9.812515337,0.002182968,0.066667,15,1,106.6293333,1599.44
7/1/2020,RT - Native,0,0,0,0,0,0,1,0,0,0
7/2/2020,Brand Search - Bing,5419.59,7490,908,5.968711454,0.121228304,0.200837,239,48,22.67610879,112.908125
7/2/2020,Brand Search - Google,90193.4,16320,8171,11.03823277,0.50067402,0.169411,3583,607,25.1725928,148.5887974
7/2/2020,NB Search - Bing,846.16,1124,65,13.01784615,0.057829181,0.173913,23,4,36.78956522,211.54
7/2/2020,NB Search - Google,51004.36,17456,1739,29.32970673,0.099621907,0.076566,862,66,59.16979118,772.7933333
7/2/2020,Prospecting - Discovery,11087.4762,929095,2165,5.12123612,0.002330225,0.042105,190,8,58.35513789,1385.934525
7/2/2020,Prospecting - Display,0.47,663,2,0.235,0.003016591,0,0,0,0,0
7/2/2020,Prospecting - Facebook,0,0,0,0,0,3,1,3,0,0
7/2/2020,Prospecting - Native,3531.2,0,3037,1.162726375,0.002269665,0.066667,30,2,117.7066667,1765.6
7/2/2020,Prospecting - YouTube,3723.7628,236377,733,5.080167531,0.003100979,0,10,0,372.37628,0
7/2/2020,RT - Discovery,3095.6835,121692,636,4.867426887,0.005226309,0.089286,56,5,55.2800625,619.1367
7/2/2020,RT - Display,4305.166,246680,673,6.396977712,0.002728231,0.106383,47,5,91.5992766,861.0332
7/2/2020,RT - Facebook,0,0,0,0,0,1,1,1,0,0
7/2/2020,RT - Native,0,0,0,0,0,0.25,4,1,0,0
7/2/2020,RT - YouTube,1645.8164,73238,322,5.111231056,0.004396625,0,0,0,0,0
7/3/2020,Brand Search - Bing,4236.38,4543,666,6.360930931,0.146599164,0.142857,182,26,23.27681319,162.9376923
7/3/2020,Brand Search - Google,78710.04,13846,7327,10.74246486,0.529178102,0.193141,3324,642,23.67931408,122.6013084
7/3/2020,NB Search - Bing,521.42,776,38,13.72157895,0.048969072,0,9,0,57.93555556,0
7/3/2020,NB Search - Google,42756.98,14299,1388,30.80474063,0.097069725,0.092219,694,64,61.60948127,668.0778125
7/3/2020,Prospecting - Discovery,11575.6943,927287,2299,5.035099739,0.002479276,0.040816,196,8,59.0596648,1446.961788
7/3/2020,Prospecting - Display,1.7,373,4,0.425,0.010723861,0,0,0,0,0
7/3/2020,Prospecting - Facebook,0,0,0,0,0,0,0,2,0,0
7/3/2020,Prospecting - Native,3862.96,0,3062,1.261580666,0.002236927,0.076923,26,2,148.5753846,1931.48
7/3/2020,Prospecting - YouTube,3763.0565,228303,760,4.951390132,0.003328909,0,7,0,537.5795,0
7/3/2020,RT - Discovery,2918.6631,128274,699,4.175483691,0.005449273,0.175,40,7,72.9665775,416.9518714
7/3/2020,RT - Display,4570.614,209706,671,6.811645306,0.003199718,0.152174,46,7,99.36117391,652.9448571
7/3/2020,RT - Facebook,0,0,0,0,0,0,1,0,0,0
7/3/2020,RT - Native,0,0,0,0,0,0,2,0,0,0
7/3/2020,RT - YouTube,1648.2746,80366,307,5.368972638,0.003820023,0,0,0,0,0
7/4/2020,Brand Search - Bing,1881.95,3263,359,5.242200557,0.110021453,0.113402,97,11,19.40154639,171.0863636
7/4/2020,Brand Search - Google,33602.85,6889,3374,9.959350919,0.489766294,0.125509,1474,185,22.79704885,181.637027
7/4/2020,NB Search - Bing,330.34,457,26,12.70538462,0.056892779,0.285714,7,2,47.19142857,165.17
7/4/2020,NB Search - Google,19863.79,8018,673,29.51528975,0.083936144,0.074499,349,26,56.91630372,763.9919231
7/4/2020,Prospecting - Discovery,12160.213,912698,2125,5.722453176,0.002328262,0.033898,177,6,68.70176836,2026.702167
7/4/2020,Prospecting - Display,0.47,510,6,0.078333333,0.011764706,0,0,0,0,0
7/4/2020,Prospecting - Facebook,0,0,0,0,0,0,0,0,0,0
7/4/2020,Prospecting - Native,3264.86,0,2525,1.293013861,0.002633508,0.083333,24,2,136.0358333,1632.43
7/4/2020,Prospecting - YouTube,3751.4311,222518,733,5.117914188,0.003294116,0,4,0,937.857775,0
7/4/2020,RT - Discovery,2553.1994,105226,569,4.48716942,0.005407409,0,31,0,82.36127097,0
7/4/2020,RT - Display,3858.232,255682,816,4.72822549,0.003191464,0.030303,33,1,116.9161212,3858.232
7/4/2020,RT - Facebook,0,0,0,0,0,0,0,0,0,0
7/4/2020,RT - YouTube,1646.6959,77943,322,5.113962422,0.004131224,0,0,0,0,0
7/5/2020,Brand Search - Bing,2307.03,2987,402,5.738880597,0.134583194,0.140496,121,17,19.06636364,135.7076471
7/5/2020,Brand Search - Google,34808.9951,7732,3830,9.08851047,0.495344025,0.077143,1750,135,19.89085434,257.8444081
7/5/2020,NB Search - Bing,429.98,591,34,12.64647059,0.057529611,0.2,15,3,28.66533333,143.3266667
7/5/2020,NB Search - Google,25455.44,9985,843,30.19625148,0.08442664,0.053269,413,22,61.63544794,1157.065455
7/5/2020,Prospecting - Discovery,11771.1751,977752,2513,4.684112654,0.002570181,0.025381,197,5,59.75215787,2354.23502
7/5/2020,Prospecting - Display,2.69,1597,27,0.09962963,0.0169067,0,0,0,0,0
7/5/2020,Prospecting - Facebook,0,0,0,0,0,0,0,0,0,0
7/5/2020,Prospecting - Native,3747.25,0,2938,1.275442478,0.002537087,0,14,0,267.6607143,0
7/5/2020,Prospecting - YouTube,3744.5205,227359,772,4.850415155,0.003395511,0,8,0,468.0650625,0
7/5/2020,RT - Discovery,2527.0536,118359,620,4.075892903,0.0052383,0.071429,28,2,90.25191429,1263.5268
7/5/2020,RT - Display,4039.448,269003,723,5.587065007,0.002687702,0.081081,37,3,109.1742703,1346.482667
7/5/2020,RT - Facebook,0,0,0,0,0,0,0,0,0,0
7/5/2020,RT - Native,0,0,0,0,0,0,1,0,0,0
7/5/2020,RT - YouTube,1651.193,80872,386,4.277702073,0.004772975,0,0,0,0,0
7/6/2020,Brand Search - Bing,5206.35,5365,877,5.93654504,0.163466915,0.175214,234,41,22.24935897,126.9841463
7/6/2020,Brand Search - Google,85527.8615,17030,8505,10.05618595,0.499412801,0.142818,3648,521,23.44513747,164.1609626
7/6/2020,NB Search - Bing,1111.78,1240,85,13.07976471,0.068548387,0.088235,34,3,32.69941176,370.5933333
7/6/2020,NB Search - Google,48073.32,19114,1612,29.82215881,0.084336089,0.076239,787,60,61.08426938,801.222
7/6/2020,Prospecting - Discovery,15063.4855,1092439,2203,6.837714707,0.002016589,0.039841,251,10,60.01388645,1506.34855
7/6/2020,Prospecting - Display,159.8,54104,290,0.551034483,0.005360047,0,0,0,0,0
7/6/2020,Prospecting - Facebook,0,0,0,0,0,1,1,1,0,0
7/6/2020,Prospecting - Native,3302.5,0,2924,1.129445964,0.002301925,0.15,20,3,165.125,1100.833333
7/6/2020,Prospecting - YouTube,3728.1675,231585,753,4.951085657,0.003251506,0,5,0,745.6335,0
7/6/2020,RT - Discovery,3142.8123,128438,684,4.594754825,0.005325527,0.088889,45,4,69.84027333,785.703075
7/6/2020,RT - Display,3905.946,298444,856,4.563021028,0.00286821,0.194444,36,7,108.4985,557.9922857
7/6/2020,RT - Facebook,0,0,0,0,0,0,0,0,0,0
7/6/2020,RT - Native,0,0,0,0,0,0,1,0,0,0
7/6/2020,RT - YouTube,1732.7101,86688,392,4.420178827,0.004521964,0,0,0,0,0
7/7/2020,Brand Search - Bing,5566.72,5469,764,7.286282723,0.139696471,0.136364,198,27,28.11474747,206.1748148
7/7/2020,Brand Search - Google,78392.306,15708,7689,10.1953838,0.489495798,0.141813,3420,485,22.9217269,161.6336206
7/7/2020,NB Search - Bing,1158.77,1397,78,14.85602564,0.05583393,0.074074,27,2,42.91740741,579.385
7/7/2020,NB Search - Google,48440.32,19358,1691,28.64596097,0.087354066,0.067985,809,55,59.87678616,880.7330909
7/7/2020,Prospecting - Discovery,11889.0567,878967,1761,6.751309881,0.002003488,0.035176,199,7,59.74400352,1698.436671
7/7/2020,Prospecting - Display,154.2,85062,294,0.524489796,0.003456302,0,0,0,0,0
7/7/2020,Prospecting - Facebook,0,0,0,0,0,0,0,0,0,0
7/7/2020,Prospecting - Native,3372.23,0,3306,1.020033273,0.002607685,0.166667,18,3,187.3461111,1124.076667
7/7/2020,Prospecting - YouTube,3230.2173,205628,691,4.674699421,0.003360437,0,3,0,1076.7391,0
7/7/2020,RT - Discovery,3001.99,105910,494,6.076902834,0.004664338,0.09375,32,3,93.8121875,1000.663333
7/7/2020,RT - Display,4038.708,318747,884,4.568674208,0.002773359,0.189189,37,7,109.1542703,576.9582857
7/7/2020,RT - Facebook,0,0,0,0,0,0,1,0,0,0
7/7/2020,RT - Native,0,0,0,0,0,0.166667,6,1,0,0
7/7/2020,RT - YouTube,1669.6105,83714,337,4.954333828,0.004025611,0,0,0,0,0
7/8/2020,Brand Search - Bing,6373,5900,858,7.427738928,0.145423729,0.087719,228,20,27.95175439,318.65
7/8/2020,Brand Search - Google,78205.2989,16127,7662,10.20690406,0.475103863,0.132362,3430,454,22.80037869,172.2583676
7/8/2020,NB Search - Bing,1224.64,1263,95,12.89094737,0.075217736,0.076923,26,2,47.10153846,612.32
7/8/2020,NB Search - Google,49754.07,18865,1736,28.66017857,0.092022263,0.072093,860,62,57.85356977,802.485
7/8/2020,Prospecting - Discovery,13048.577,892537,1752,7.447817922,0.001962944,0.048889,225,11,57.99367556,1186.234273
7/8/2020,Prospecting - Display,183.9,50825,408,0.450735294,0.008027546,0,0,0,0,0
7/8/2020,Prospecting - Facebook,0,0,0,0,0,1,1,1,0,0
7/8/2020,Prospecting - Native,1665.42,0,1530,1.088509804,0.002500919,0.166667,12,2,138.785,832.71
7/8/2020,Prospecting - YouTube,4689.9018,276963,944,4.968116314,0.003408398,0,2,0,2344.9509,0
7/8/2020,RT - Discovery,2857.4293,108843,522,5.47400249,0.004795899,0.073171,41,3,69.69339756,952.4764333
7/8/2020,RT - Display,4788.858,279434,781,6.131700384,0.002794935,0.085714,35,3,136.8245143,1596.286
7/8/2020,RT - Facebook,0,0,0,0,0,0,0,0,0,0
7/8/2020,RT - Native,0,0,0,0,0,0,3,0,0,0
7/8/2020,RT - YouTube,1681.1266,81912,334,5.033313174,0.004077547,0,0,0,0,0
7/9/2020,Brand Search - Bing,6183.25,5126,795,7.777672956,0.155091689,0.148148,216,32,28.62615741,193.2265625
7/9/2020,Brand Search - Google,85734.85,15688,7869,10.89526623,0.501593575,0.142089,3533,502,24.26686952,170.7865538
7/9/2020,NB Search - Bing,825.21,1182,66,12.50318182,0.055837563,0.2,20,4,41.2605,206.3025
7/9/2020,NB Search - Google,51320.64,18422,1754,29.25920182,0.095212246,0.062791,860,54,59.67516279,950.3822222
7/9/2020,Prospecting - Discovery,14642.0049,965455,2168,6.753692297,0.002245573,0.025773,194,5,75.47425206,2928.40098
7/9/2020,Prospecting - Display,182.13,73993,417,0.43676259,0.005635668,0,0,0,0,0
7/9/2020,Prospecting - Facebook,0,0,0,0,0,0,0,0,0,0
7/9/2020,Prospecting - Native,2481.99,0,2244,1.10605615,0.002449038,0,21,0,118.19,0
7/9/2020,Prospecting - YouTube,4014.6825,240005,840,4.779383929,0.003499927,0.058824,17,1,236.1577941,4014.6825
7/9/2020,RT - Discovery,2907.44,150502,872,3.334220183,0.005793943,0.145833,48,7,60.57166667,415.3485714
7/9/2020,RT - Display,3746.998,268809,842,4.45011639,0.003132336,0.125,48,6,78.06245833,624.4996667
7/9/2020,RT - Facebook,0,0,0,0,0,0,0,0,0,0
7/9/2020,RT - Native,0,0,0,0,0,0,8,0,0,0
7/9/2020,RT - YouTube,1727.4277,84637,357,4.838733053,0.004218013,0,0,0,0,0
7/10/2020,Brand Search - Bing,6148.81,5108,778,7.903354756,0.152310102,0.143541,209,30,29.42014354,204.9603333
7/10/2020,Brand Search - Google,90597.663,16349,8129,11.14499483,0.497216955,0.164502,3465,570,26.14651169,158.9432684
7/10/2020,NB Search - Bing,1034.86,1077,80,12.93575,0.074280409,0.08,25,2,41.3944,517.43
7/10/2020,NB Search - Google,50203.61,17503,1675,29.97230448,0.09569788,0.070284,811,57,61.90334155,880.7650877
7/10/2020,Prospecting - Discovery,10737.0703,738133,1896,5.663011762,0.002568643,0.054348,184,10,58.35364293,1073.70703
7/10/2020,Prospecting - Display,186.02,72654,429,0.433613054,0.005904699,0,0,0,0,0
7/10/2020,Prospecting - Facebook,0,0,0,0,0,0,0,0,0,0
7/10/2020,Prospecting - Native,5282.44,0,6106,0.86512283,0.002501333,0.097561,41,4,128.84,1320.61
7/10/2020,Prospecting - YouTube,3891.5823,234164,766,5.080394648,0.003271212,0,12,0,324.298525,0
7/10/2020,RT - Discovery,2544.4159,152547,821,3.099166748,0.005381948,0.176471,34,6,74.83576176,424.0693167
7/10/2020,RT - Display,3998.956,262398,880,4.544268182,0.003353684,0.135135,37,5,108.0798919,799.7912
7/10/2020,RT - Facebook,0,0,0,0,0,0,0,0,0,0
7/10/2020,RT - Native,0,0,0,0,0,0.428571,7,3,0,0
7/10/2020,RT - YouTube,1654.5153,80295,320,5.170360313,0.003985304,0,0,0,0,0
7/11/2020,Brand Search - Bing,3294.14,3504,441,7.469705215,0.125856164,0.209302,129,27,25.53596899,122.0051852
7/11/2020,Brand Search - Google,55744.0969,10450,5388,10.34597196,0.515598086,0.138302,2509,347,22.2176552,160.6458124
7/11/2020,NB Search - Bing,541.72,690,42,12.89809524,0.060869565,0.142857,14,2,38.69428571,270.86
7/11/2020,NB Search - Google,34777.34,12233,1133,30.69491615,0.092618327,0.083045,578,48,60.1684083,724.5279167
7/11/2020,Prospecting - Discovery,10431.3328,818520,2216,4.707280144,0.002707325,0.033113,151,5,69.08167417,2086.26656
7/11/2020,Prospecting - Display,183.57,46868,494,0.37159919,0.010540241,0,0,0,0,0
7/11/2020,Prospecting - Facebook,0,0,0,0,0,0,0,0,0,0
7/11/2020,Prospecting - Native,5226.7,0,10867,0.480969909,0.004462489,0.071429,42,3,124.4452381,1742.233333
7/11/2020,Prospecting - YouTube,3861.8803,230582,808,4.779554827,0.003504176,0.090909,11,1,351.0800273,3861.8803
7/11/2020,RT - Discovery,2463.5091,146409,799,3.083240426,0.005457315,0.086957,23,2,107.1090913,1231.75455
7/11/2020,RT - Display,3158.268,259023,939,3.3634377,0.003625161,0.138889,36,5,87.72966667,631.6536
7/11/2020,RT - Facebook,0,0,0,0,0,0,0,0,0,0
7/11/2020,RT - Native,0,0,0,0,0,0.333333,3,1,0,0
7/11/2020,RT - YouTube,1653.1178,78995,373,4.431951206,0.004721818,0,0,0,0,0
7/12/2020,Brand Search - Bing,2828.39,3025,396,7.14239899,0.130909091,0.117188,128,15,22.09679688,188.5593333
7/12/2020,Brand Search - Google,38531.8539,8339,4121,9.350122276,0.494183955,0.097103,1864,181,20.67159544,212.8831707
7/12/2020,NB Search - Bing,499.67,688,37,13.50459459,0.05377907,0.083333,12,1,41.63916667,499.67
7/12/2020,NB Search - Google,29712.57,11458,993,29.92202417,0.086664339,0.061144,507,31,58.60467456,958.47
7/12/2020,Prospecting - Discovery,11322.5484,880296,2284,4.957332925,0.002594582,0.019608,153,3,74.00358431,3774.1828
7/12/2020,Prospecting - Display,182.64,41170,492,0.371219512,0.011950449,0,0,0,0,0
7/12/2020,Prospecting - Facebook,0,0,0,0,0,0,0,0,0,0
7/12/2020,Prospecting - Native,5246,0,10515,0.498906324,0.004543108,0.03125,32,1,163.9375,5246
7/12/2020,Prospecting - YouTube,3842.4475,226218,685,5.609412409,0.003028053,0,14,0,274.4605357,0
7/12/2020,RT - Discovery,2261.9967,151736,852,2.654925704,0.005615016,0.096774,31,3,72.96763548,753.9989
7/12/2020,RT - Display,3985.874,275720,955,4.173690052,0.003463659,0,33,0,120.7840606,0
7/12/2020,RT - Facebook,0,0,0,0,0,0,1,0,0,0
7/12/2020,RT - Native,0,0,0,0,0,0,2,0,0,0
7/12/2020,RT - YouTube,1647.9341,81421,302,5.45673543,0.003709117,0,0,0,0,0
7/13/2020,Brand Search - Bing,5654.97,5042,793,7.13110971,0.157278858,0.116592,223,26,25.35860987,217.4988462
7/13/2020,Brand Search - Google,86502.7123,16750,8117,10.65698069,0.484597015,0.131874,3473,458,24.90720193,188.8705509
7/13/2020,NB Search - Bing,1153.42,1356,78,14.7874359,0.057522124,0.033333,30,1,38.44733333,1153.42
7/13/2020,NB Search - Google,51560.86,19812,1699,30.34776928,0.085756107,0.067308,832,56,61.9721875,920.7296429
7/13/2020,Prospecting - Discovery,12605.67,959875,2045,6.164141809,0.002130486,0.046512,172,8,73.28877907,1575.70875
7/13/2020,Prospecting - Display,182.85,27371,524,0.348950382,0.01914435,0,0,0,0,0
7/13/2020,Prospecting - Facebook,0,0,0,0,0,0,0,3,0,0
7/13/2020,Prospecting - Native,6101.9,0,11149,0.547304691,0.003379328,0.061224,49,3,124.5285714,2033.966667
7/13/2020,Prospecting - YouTube,3991.1618,226304,773,5.163210608,0.003415759,0.111111,9,1,443.4624222,3991.1618
7/13/2020,RT - Discovery,2428.2997,153292,814,2.983169165,0.005310127,0.138889,36,5,67.45276944,485.65994
7/13/2020,RT - Display,3603,277404,946,3.808668076,0.003410189,0.093023,43,4,83.79069767,900.75
7/13/2020,RT - Facebook,0,0,0,0,0,0,0,0,0,0
7/13/2020,RT - Native,0,0,0,0,0,0,2,0,0,0
7/13/2020,RT - YouTube,1700.7892,78965,312,5.451247436,0.003951118,0,0,0,0,0
7/14/2020,Brand Search - Bing,5887.78,5120,783,7.519514687,0.152929688,0.137931,203,28,29.00384236,210.2778571
7/14/2020,Brand Search - Google,78171.1142,15447,7465,10.47168308,0.483265359,0.125773,3236,407,24.1567102,192.0666197
7/14/2020,NB Search - Bing,1111.09,1362,83,13.38662651,0.060939794,0.130435,23,3,48.30826087,370.3633333
7/14/2020,NB Search - Google,53089.94,19869,1790,29.65918436,0.09009009,0.077473,839,65,63.27764005,816.7683077
7/14/2020,Prospecting - Discovery,10005.3115,793981,2078,4.814875602,0.002617191,0.037037,216,8,46.32088657,1250.663938
7/14/2020,Prospecting - Display,187.35,33751,463,0.404643629,0.013718112,0,0,0,0,0
7/14/2020,Prospecting - Facebook,0,0,0,0,0,0,0,1,0,0
7/14/2020,Prospecting - Native,6246.88,0,10538,0.592795597,0.003131923,0,44,0,141.9745455,0
7/14/2020,Prospecting - YouTube,3443.3785,201112,685,5.026829927,0.003406062,0,5,0,688.6757,0
7/14/2020,RT - Discovery,2645.6594,133731,740,3.575215405,0.005533496,0,35,0,75.59026857,0
7/14/2020,RT - Display,4327.692,250063,856,5.055714953,0.003423137,0.152174,46,7,94.08026087,618.2417143
7/14/2020,RT - Facebook,0,0,0,0,0,0,0,0,0,0
7/14/2020,RT - Native,0,0,0,0,0,0,4,0,0,0
7/14/2020,RT - YouTube,1609.6059,70487,261,6.167072414,0.00370281,0,0,0,0,0
7/15/2020,Brand Search - Bing,5384.86,5121,755,7.132264901,0.147432142,0.147982,223,33,24.14735426,163.1775758
7/15/2020,Brand Search - Google,77728.32,15476,7693,10.10377226,0.497092272,0.133792,3341,447,23.26498653,173.8888591
7/15/2020,NB Search - Bing,1052.7,1330,75,14.036,0.056390977,0.068966,29,2,36.3,526.35
7/15/2020,NB Search - Google,53022.7,19377,1808,29.3267146,0.093306497,0.059016,915,54,57.94830601,981.9018519
7/15/2020,Prospecting - Discovery,9527.9671,618386,1657,5.75013102,0.002679556,0.025253,198,5,48.12104596,1905.59342
7/15/2020,Prospecting - Display,185.19,68436,287,0.645261324,0.004193699,0,0,0,0,0
7/15/2020,Prospecting - Facebook,0,0,0,0,0,0,0,0,0,0
7/15/2020,Prospecting - Native,7756.75,0,12976,0.597776665,0.002991829,0.018868,53,1,146.3537736,7756.75
7/15/2020,Prospecting - YouTube,3910.8857,226987,769,5.085677113,0.003387859,0,7,0,558.6979571,0
7/15/2020,RT - Discovery,2774.2916,145368,817,3.395705753,0.005620219,0.083333,36,3,77.06365556,924.7638667
7/15/2020,RT - Display,3964.802,297620,907,4.371336273,0.00304751,0.02381,42,1,94.40004762,3964.802
7/15/2020,RT - Facebook,0,0,0,0,0,0,0,0,0,0
7/15/2020,RT - Native,0,0,0,0,0,0,2,0,0,0
7/15/2020,RT - YouTube,1704.4055,73354,320,5.326267188,0.004362407,0,0,0,0,0
7/16/2020,Brand Search - Bing,5749.2,5150,827,6.951874244,0.160582524,0.121339,239,29,24.05523013,198.2482759
7/16/2020,Brand Search - Google,83843.0907,14994,7672,10.92845291,0.511671335,0.141324,3354,474,24.99793998,176.8841576
7/16/2020,NB Search - Bing,891.38,1254,67,13.3041791,0.053429027,0.076923,26,2,34.28384615,445.69
7/16/2020,NB Search - Google,53412.83,18930,1843,28.98145958,0.09735869,0.077766,913,71,58.50255203,752.2933803
7/16/2020,Prospecting - Discovery,10048.3366,699585,1896,5.299755591,0.002710178,0.025641,195,5,51.52993128,2009.66732
7/16/2020,Prospecting - Display,187.68,67932,287,0.653937282,0.004224813,0,0,0,0,0
7/16/2020,Prospecting - Facebook,0,0,0,0,0,1,1,1,0,0
7/16/2020,Prospecting - Native,7381.88,0,18209,0.405397331,0.003896731,0.06383,47,3,157.0612766,2460.626667
7/16/2020,Prospecting - YouTube,3821.9666,217116,754,5.06892122,0.003472798,0.125,8,1,477.745825,3821.9666
7/16/2020,RT - Discovery,2423.6249,148362,822,2.948448783,0.005540502,0.085714,35,3,69.24642571,807.8749667
7/16/2020,RT - Display,3251.482,305500,978,3.324623722,0.003201309,0.057143,35,2,92.89948571,1625.741
7/16/2020,RT - Facebook,0,0,0,0,0,0,0,0,0,0
7/16/2020,RT - Native,0,0,0,0,0,0,2,0,0,0
7/16/2020,RT - YouTube,1754.5307,71704,300,5.848435667,0.004183867,0,0,0,0,0
7/17/2020,Brand Search - Bing,5658.57,4868,774,7.310813953,0.158997535,0.164179,201,33,28.15208955,171.4718182
7/17/2020,Brand Search - Google,86505.9,15435,7993,10.82270737,0.517849044,0.166364,3306,550,26.16633394,157.2834545
7/17/2020,NB Search - Bing,932.02,1125,68,13.70617647,0.060444444,0.230769,26,6,35.84692308,155.3366667
7/17/2020,NB Search - Google,49122.71,17872,1681,29.2223141,0.094057744,0.100484,826,83,59.47059322,591.8398795
7/17/2020,Prospecting - Discovery,11386.2467,763717,2164,5.261666682,0.00283351,0.0375,160,6,71.16404188,1897.707783
7/17/2020,Prospecting - Display,182.21,44176,314,0.580286624,0.007107932,0,0,0,0,0
7/17/2020,Prospecting - Facebook,0,0,0,0,0,0,1,0,0,0
7/17/2020,Prospecting - Native,5317.37,0,11119,0.478223761,0.003026566,0.08,25,2,212.6948,2658.685
7/17/2020,Prospecting - YouTube,2653.9279,149680,516,5.143271124,0.003447354,0,7,0,379.1325571,0
7/17/2020,RT - Discovery,2591.3509,140262,756,3.427712831,0.005389913,0.068966,29,2,89.35692759,1295.67545
7/17/2020,RT - Display,3188.492,241707,831,3.836933815,0.003438047,0.097561,41,4,77.76809756,797.123
7/17/2020,RT - Facebook,0,0,0,0,0,0,0,0,0,0
7/17/2020,RT - Native,0,0,0,0,0,0,6,0,0,0
7/17/2020,RT - YouTube,1775.1566,71329,318,5.582253459,0.004458215,0,0,0,0,0
7/18/2020,Brand Search - Bing,3267.79,4976,518,6.308474903,0.104099678,0.110429,163,18,20.04779141,181.5438889
7/18/2020,Brand Search - Google,52861.57,9864,5302,9.970118823,0.537510138,0.129285,2421,313,21.8346014,168.8868051
7/18/2020,NB Search - Bing,537,787,50,10.74,0.063532402,0,10,0,53.7,0
7/18/2020,NB Search - Google,35148.08,12521,1187,29.61085088,0.094800735,0.075125,599,45,58.67792988,781.0684444
7/18/2020,Prospecting - Discovery,13372.4986,740894,1933,6.91800238,0.00260901,0.027322,183,5,73.07376284,2674.49972
7/18/2020,Prospecting - Display,181.12,43250,333,0.543903904,0.007699422,0,0,0,0,0
7/18/2020,Prospecting - Facebook,0,0,0,0,0,0,0,0,0,0
7/18/2020,Prospecting - Native,4679.43,0,13144,0.356012629,0.004884428,0,40,0,116.98575,0
7/18/2020,Prospecting - YouTube,2655.1491,148420,535,4.962895514,0.003604635,0,7,0,379.3070143,0
7/18/2020,RT - Discovery,2226.4432,116054,689,3.231412482,0.005936891,0,23,0,96.80187826,0
7/18/2020,RT - Display,2578.876,246838,915,2.818443716,0.003706885,0.176471,34,6,75.84929412,429.8126667
7/18/2020,RT - Facebook,0,0,0,0,0,0,0,0,0,0
7/18/2020,RT - Native,0,0,0,0,0,0,1,0,0,0
7/18/2020,RT - YouTube,1775.1883,75184,334,5.31493503,0.004442435,0,0,0,0,0
7/19/2020,Brand Search - Bing,3154.29,3730,494,6.385202429,0.132439678,0.144737,152,22,20.75190789,143.3768182
7/19/2020,Brand Search - Google,36114.61,7717,3969,9.099171076,0.514319036,0.100754,1856,187,19.4583028,193.1262567
7/19/2020,NB Search - Bing,589.25,732,44,13.39204545,0.06010929,0.055556,18,1,32.73611111,589.25
7/19/2020,NB Search - Google,33213.9,11407,1105,30.05782805,0.096870343,0.064748,556,36,59.73723022,922.6083333
7/19/2020,Prospecting - Discovery,17325.0894,902700,2205,7.857183401,0.002442672,0.017937,223,4,77.69098386,4331.27235
7/19/2020,Prospecting - Display,180.89,48118,422,0.428649289,0.008770107,0,0,0,0,0
7/19/2020,Prospecting - Facebook,0,0,0,0,0,0,0,0,0,0
7/19/2020,Prospecting - Native,4253.85,0,10159,0.418727237,0.003097232,0.125,24,3,177.24375,1417.95
7/19/2020,Prospecting - YouTube,2658.3613,152872,564,4.71340656,0.003689361,0,4,0,664.590325,0
7/19/2020,RT - Discovery,2180.4359,103338,558,3.907591219,0.005399756,0.037037,27,1,80.75688519,2180.4359
7/19/2020,RT - Display,2794.332,288806,946,2.953839323,0.003275555,0.068966,29,2,96.35627586,1397.166
7/19/2020,RT - Facebook,0,0,0,0,0,0,0,0,0,0
7/19/2020,RT - Native,0,0,0,0,0,0.25,4,1,0,0
7/19/2020,RT - YouTube,1780.1738,76315,335,5.313951642,0.004389701,0,0,0,0,0
7/20/2020,Brand Search - Bing,5652.09,6662,947,5.968416051,0.142149505,0.12069,232,28,24.3624569,201.8603571
7/20/2020,Brand Search - Google,88593.88,16804,8576,10.3304431,0.510354677,0.116142,3556,413,24.91391451,214.5130266
7/20/2020,NB Search - Bing,1235.98,1369,89,13.88741573,0.065010957,0.088235,34,3,36.35235294,411.9933333
7/20/2020,NB Search - Google,53952.18,20366,1822,29.61151482,0.08946283,0.069083,883,61,61.1009966,884.4619672
7/20/2020,Prospecting - Discovery,12913.1003,954035,3050,4.233803377,0.003196948,0.045685,197,9,65.54873249,1434.788922
7/20/2020,Prospecting - Display,179.94,42970,304,0.591907895,0.007074703,0,0,0,0,0
7/20/2020,Prospecting - Facebook,0,0,0,0,0,0,0,0,0,0
7/20/2020,Prospecting - Native,9430.26,0,15551,0.606408591,0.002479543,0.064516,62,4,152.1009677,2357.565
7/20/2020,Prospecting - YouTube,2785.2772,160740,531,5.245343126,0.003303471,0.333333,9,3,309.4752444,928.4257333
7/20/2020,RT - Discovery,2666.8092,139938,832,3.205299519,0.00594549,0.096774,31,3,86.02610323,888.9364
7/20/2020,RT - Display,3875.502,280141,880,4.403979545,0.003141275,0.12766,47,6,82.45748936,645.917
7/20/2020,RT - Facebook,0,0,0,0,0,0,0,0,0,0
7/20/2020,RT - Native,0,0,0,0,0,0,11,0,0,0
7/20/2020,RT - YouTube,1855.7881,75926,338,5.490497337,0.004451703,0,0,0,0,0
7/21/2020,Brand Search - Bing,6348.41,7107,953,6.661500525,0.134093148,0.129555,247,32,25.70206478,198.3878125
7/21/2020,Brand Search - Google,81157.7971,15862,7968,10.1854665,0.502332619,0.122842,3476,427,23.34804289,190.0650986
7/21/2020,NB Search - Bing,1073.93,1337,84,12.78488095,0.062827225,0.068966,29,2,37.03206897,536.965
7/21/2020,NB Search - Google,51309.89,20076,1746,29.38710767,0.086969516,0.059242,844,50,60.79370853,1026.1978
7/21/2020,Prospecting - Discovery,22825.0209,1904699,8594,2.655925169,0.004511999,0.020548,292,6,78.16787979,3804.17015
7/21/2020,Prospecting - Display,182.01,45175,279,0.652365591,0.006175982,0,0,0,0,0
7/21/2020,Prospecting - Facebook,0,0,0,0,0,0,0,0,0,0
7/21/2020,Prospecting - Native,10470.74,0,17079,0.613076878,0.002597534,0.015873,63,1,166.2022222,10470.74
7/21/2020,Prospecting - YouTube,2780.1956,159328,523,5.315861568,0.003282537,0,6,0,463.3659333,0
7/21/2020,RT - Discovery,3039.8083,182512,1341,2.266821999,0.007347462,0.09375,32,3,94.99400938,1013.269433
7/21/2020,RT - Display,4280.002,320607,900,4.755557778,0.002807175,0.115385,26,3,164.6154615,1426.667333
7/21/2020,RT - Facebook,0,0,0,0,0,0,1,0,0,0
7/21/2020,RT - Native,0,0,0,0,0,1,3,3,0,0
7/21/2020,RT - YouTube,1850.6924,78286,340,5.443212941,0.00434305,0,0,0,0,0
7/22/2020,Brand Search - Bing,6749.03,12715,1235,5.464801619,0.097129375,0.125541,231,29,29.21658009,232.7251724
7/22/2020,Brand Search - Google,78506.03,15157,7490,10.48144593,0.494161114,0.138238,3371,466,23.28864729,168.4678755
7/22/2020,NB Search - Bing,1017.9,1136,73,13.94383562,0.064260563,0.071429,28,2,36.35357143,508.95
7/22/2020,NB Search - Google,47438.49,19136,1606,29.53828767,0.083925585,0.071429,812,58,58.42178571,817.905
7/22/2020,Prospecting - Discovery,24394.3358,1453255,4363,5.591184002,0.003002226,0.032086,374,12,65.22549679,2032.861317
7/22/2020,Prospecting - Display,184.21,40437,266,0.692518797,0.006578134,0,0,0,0,0
7/22/2020,Prospecting - Facebook,0,0,0,0,0,0,0,0,0,0
7/22/2020,Prospecting - Native,8270.61,0,13174,0.627797935,0.002570347,0.044444,45,2,183.7913333,4135.305
7/22/2020,Prospecting - YouTube,2742.9518,160021,500,5.4859036,0.00312459,0,10,0,274.29518,0
7/22/2020,RT - Discovery,3563.6958,184615,1379,2.584260914,0.007469599,0.043478,46,2,77.47164783,1781.8479
7/22/2020,RT - Display,3448.336,319646,966,3.569706004,0.003022093,0.083333,48,4,71.84033333,862.084
7/22/2020,RT - Facebook,0,0,0,0,0,0,0,0,0,0
7/22/2020,RT - Native,0,0,0,0,0,0,6,0,0,0
7/22/2020,RT - YouTube,1828.5167,76366,316,5.786445253,0.004137967,0,0,0,0,0
7/23/2020,Brand Search - Bing,6049.33,5081,855,7.075239766,0.168273962,0.113445,238,27,25.41735294,224.0492593
7/23/2020,Brand Search - Google,85430.1384,15422,7690,11.10925077,0.498638309,0.131099,3402,446,25.11173968,191.5473955
7/23/2020,NB Search - Bing,933.32,1202,72,12.96277778,0.059900166,0.08,25,2,37.3328,466.66
7/23/2020,NB Search - Google,47937.18,18896,1603,29.90466625,0.084832769,0.079951,813,65,58.96332103,737.4950769
7/23/2020,Prospecting - Discovery,16934.2734,1371186,5280,3.20724875,0.003850681,0.045603,307,14,55.16049967,1209.590957
7/23/2020,Prospecting - Display,181.6,39192,349,0.52034384,0.008904879,0,0,0,0,0
7/23/2020,Prospecting - Facebook,0,0,0,0,0,0,0,0,0,0
7/23/2020,Prospecting - Native,8115.92,0,13067,0.621100482,0.002345592,0.090909,55,5,147.5621818,1623.184
7/23/2020,Prospecting - YouTube,2695.0122,150280,531,5.075352542,0.003533404,0,5,0,539.00244,0
7/23/2020,RT - Discovery,3020.5149,163704,1250,2.41641192,0.007635733,0.04,50,2,60.410298,1510.25745
7/23/2020,RT - Display,4084.858,335770,919,4.44489445,0.002736993,0.071429,42,3,97.25852381,1361.619333
7/23/2020,RT - Facebook,0,0,0,0,0,0,0,0,0,0
7/23/2020,RT - Native,0,0,0,0,0,0.333333,6,2,0,0
7/23/2020,RT - YouTube,1804.4227,73767,354,5.097239266,0.004798894,0,0,0,0,0
7/24/2020,Brand Search - Bing,5355.76,5559,746,7.179302949,0.134196798,0.153846,208,32,25.74884615,167.3675
7/24/2020,Brand Search - Google,91294.44,15850,7874,11.59441707,0.496782334,0.164485,3362,553,27.15480071,165.0894033
7/24/2020,NB Search - Bing,646.33,1049,60,10.77216667,0.057197331,0,16,0,40.395625,0
7/24/2020,NB Search - Google,47540,17414,1561,30.45483664,0.089640519,0.089888,801,72,59.35081149,660.2777778
7/24/2020,Prospecting - Discovery,18777.1747,1766514,6699,2.802981744,0.003792215,0.064846,293,19,64.08592048,988.2723526
7/24/2020,Prospecting - Display,182.47,67705,293,0.622764505,0.004327598,0,5,0,36.494,0
7/24/2020,Prospecting - Facebook,0,0,0,0,0,0,0,0,0,0
7/24/2020,Prospecting - Native,8628.66,0,13105,0.658425029,0.002642447,0.12766,47,6,183.5885106,1438.11
7/24/2020,Prospecting - Twitter,0,0,0,0,0,0,1,0,0,0
7/24/2020,Prospecting - YouTube,2662.1406,149359,526,5.061103802,0.003521716,0,7,0,380.3058,0
7/24/2020,RT - Discovery,3213.9002,177876,1302,2.468433333,0.007319706,0.108696,46,5,69.86739565,642.78004
7/24/2020,RT - Display,3418.516,283476,808,4.230836634,0.002850329,0.222222,45,10,75.96702222,341.8516
7/24/2020,RT - Facebook,0,0,0,0,0,0,0,0,0,0
7/24/2020,RT - Native,0,0,0,0,0,0.1,10,1,0,0
7/24/2020,RT - YouTube,1764.9311,73872,297,5.942528956,0.004020468,0,0,0,0,0
7/25/2020,Brand Search - Bing,3388.08,4414,553,6.126726944,0.12528319,0.201149,174,35,19.47172414,96.80228571
7/25/2020,Brand Search - Google,57571.13,10474,5173,11.12915716,0.493889631,0.13746,2488,342,23.1395217,168.3366374
7/25/2020,NB Search - Bing,262.11,695,25,10.4844,0.035971223,0.2,5,1,52.422,262.11
7/25/2020,NB Search - Google,35452.35,12709,1139,31.12585601,0.089621528,0.064736,587,38,60.39582624,932.9565789
7/25/2020,Prospecting - Discovery,19450.6098,2536296,8322,2.337251839,0.003281163,0.025455,275,7,70.72949018,2778.658543
7/25/2020,Prospecting - Display,177.91,55791,429,0.414708625,0.007689412,0,0,0,0,0
7/25/2020,Prospecting - Facebook,0,0,0,0,0,0,0,0,0,0
7/25/2020,Prospecting - Native,7661.91,0,11644,0.658013569,0.002908776,0.032787,61,2,125.605082,3830.955
7/25/2020,Prospecting - YouTube,2650.3172,147440,510,5.196700392,0.003459034,0,8,0,331.28965,0
7/25/2020,RT - Discovery,3197.1363,232882,1762,1.814492792,0.007566064,0.032258,31,1,103.133429,3197.1363
7/25/2020,RT - Display,2527.636,264424,876,2.885429224,0.003312861,0.028571,35,1,72.21817143,2527.636
7/25/2020,RT - Facebook,0,0,0,0,0,0,0,0,0,0
7/25/2020,RT - Native,0,0,0,0,0,0,3,0,0,0
7/25/2020,RT - YouTube,1766.733,71885,320,5.521040625,0.004451555,0,0,0,0,0
7/26/2020,Brand Search - Bing,3165.26,4276,521,6.075355086,0.121842844,0.186567,134,25,23.62134328,126.6104
7/26/2020,Brand Search - Google,39637.98,8335,3883,10.20808138,0.465866827,0.093733,1803,169,21.98445923,234.5442604
7/26/2020,NB Search - Bing,514.3,683,46,11.18043478,0.067349927,0.0625,16,1,32.14375,514.3
7/26/2020,NB Search - Google,32771.16,12021,1056,31.03329545,0.087846269,0.052124,518,27,63.26478764,1213.746667
7/26/2020,Prospecting - Discovery,15488.4953,1327723,4568,3.390651335,0.003440477,0.012245,245,3,63.21834816,5162.831767
7/26/2020,Prospecting - Display,182.76,46706,439,0.416309795,0.009399221,0,1,0,182.76,0
7/26/2020,Prospecting - Facebook,0,0,0,0,0,0,0,0,0,0
7/26/2020,Prospecting - Native,9655.24,0,14253,0.677418087,0.002985055,0,55,0,175.5498182,0
7/26/2020,Prospecting - Twitter,0,0,0,0,0,0,1,0,0,0
7/26/2020,Prospecting - YouTube,2647.3876,145614,500,5.2947752,0.003433736,0.1,10,1,264.73876,2647.3876
7/26/2020,RT - Discovery,3451.6255,202452,1445,2.388668166,0.007137494,0,46,0,75.03533696,0
7/26/2020,RT - Display,3353.762,289056,971,3.45392585,0.003359211,0,33,0,101.6291515,0
7/26/2020,RT - Facebook,0,0,0,0,0,0,0,0,0,0
7/26/2020,RT - Native,0,0,0,0,0,0.166667,6,1,0,0
7/26/2020,RT - YouTube,1767.103,72634,326,5.42056135,0.004488256,0,0,0,0,0
7/27/2020,Brand Search - Bing,6374.45,5550,937,6.803041622,0.168828829,0.129964,277,36,23.01245487,177.0680556
7/27/2020,Brand Search - Google,88315.68,16807,7576,11.65729673,0.450764562,0.126816,3304,419,26.72992736,210.7772792
7/27/2020,NB Search - Bing,801.4,1309,66,12.14242424,0.050420168,0.041667,24,1,33.39166667,801.4
7/27/2020,NB Search - Google,51561.06,20316,1715,30.06475802,0.084416224,0.07197,792,57,65.10234848,904.58
7/27/2020,Prospecting - Discovery,17288.5069,1110122,3327,5.196425278,0.002996968,0.037037,270,10,64.03150704,1728.85069
7/27/2020,Prospecting - Display,179.11,63956,341,0.525249267,0.005331791,0,0,0,0,0
7/27/2020,Prospecting - Facebook,0,0,0,0,0,0,0,0,0,0
7/27/2020,Prospecting - Native,10471.15,0,16132,0.649091867,0.002456949,0.054545,55,3,190.3845455,3490.383333
7/27/2020,Prospecting - Twitter,0,0,0,0,0,0,2,0,0,0
7/27/2020,Prospecting - YouTube,2670.1671,151229,475,5.621404421,0.003140932,0.222222,9,2,296.6852333,1335.08355
7/27/2020,RT - Discovery,3903.0428,207013,1382,2.824198842,0.006675909,0.044444,45,2,86.73428444,1951.5214
7/27/2020,RT - Display,3448.836,312614,866,3.982489607,0.002770189,0.086957,46,4,74.97469565,862.209
7/27/2020,RT - Facebook,0,0,0,0,0,0,0,0,0,0
7/27/2020,RT - Native,0,0,0,0,0,0.142857,7,1,0,0
7/27/2020,RT - YouTube,1798.1094,75467,325,5.532644308,0.004306518,0,0,0,0,0
7/28/2020,Brand Search - Bing,5585.93,4531,777,7.189099099,0.171485323,0.147679,237,35,23.56932489,159.598
7/28/2020,Brand Search - Google,77945.34,15573,6773,11.5082445,0.434919412,0.137826,2953,407,26.39530647,191.5118919
7/28/2020,NB Search - Bing,903.24,1245,72,12.545,0.057831325,0.047619,21,1,43.01142857,903.24
7/28/2020,NB Search - Google,50389.81,19372,1682,29.95826992,0.086826347,0.046061,825,38,61.07855758,1326.047632
7/28/2020,Prospecting - Discovery,17573.8319,1401916,6182,2.842742138,0.004409679,0.031008,258,8,68.11562752,2196.728988
7/28/2020,Prospecting - Display,178.24,32966,281,0.63430605,0.008523934,0,0,0,0,0
7/28/2020,Prospecting - Facebook,0,0,0,0,0,0,0,0,0,0
7/28/2020,Prospecting - Native,12194.16,0,17880,0.682,0.002795279,0.025,80,2,152.427,6097.08
7/28/2020,Prospecting - Twitter,0,0,0,0,0,0,3,0,0,0
7/28/2020,Prospecting - YouTube,2716.1317,153284,527,5.153950095,0.003438063,0,5,0,543.22634,0
7/28/2020,RT - Discovery,4107.4484,213777,1487,2.762238332,0.006955847,0.056604,53,3,77.49902642,1369.149467
7/28/2020,RT - Display,2740.698,314797,871,3.146610792,0.002766862,0.027027,37,1,74.07291892,2740.698
7/28/2020,RT - Facebook,0,0,0,0,0,0,0,0,0,0
7/28/2020,RT - Native,0,0,0,0,0,0.333333,6,2,0,0
7/28/2020,RT - YouTube,1793.7823,75426,302,5.93967649,0.004003924,0,0,0,0,0
7/29/2020,Brand Search - Bing,5898.65,5248,835,7.064251497,0.159108232,0.145749,247,36,23.88117409,163.8513889
7/29/2020,Brand Search - Google,78484.2738,15291,6818,11.51133379,0.445883199,0.135771,3145,427,24.95525399,183.8039199
7/29/2020,NB Search - Bing,774.44,1208,62,12.49096774,0.051324503,0.055556,18,1,43.02444444,774.44
7/29/2020,NB Search - Google,49952.16,19295,1636,30.53310513,0.084788805,0.055207,797,44,62.67523212,1135.276364
7/29/2020,Prospecting - Discovery,16308.8956,1077311,3660,4.455982404,0.003397348,0.046823,299,14,54.54480134,1164.921114
7/29/2020,Prospecting - Display,175.53,24223,253,0.693794466,0.010444619,0,0,0,0,0
7/29/2020,Prospecting - Facebook,0,0,0,0,0,1,1,1,0,0
7/29/2020,Prospecting - Native,11691.56,0,15995,0.730950922,0.002627746,0,80,0,146.1445,0
7/29/2020,Prospecting - Twitter,0,0,0,0,0,0.5,2,1,0,0
7/29/2020,Prospecting - YouTube,2677.7601,150766,530,5.052377547,0.003515381,0,7,0,382.5371571,0
7/29/2020,RT - Discovery,3924.057,213001,1465,2.678537201,0.006877902,0.083333,48,4,81.7511875,981.01425
7/29/2020,RT - Display,4346.62,292127,840,5.174547619,0.002875462,0.076923,39,3,111.4517949,1448.873333
7/29/2020,RT - Facebook,0,0,0,0,0,0,0,0,0,0
7/29/2020,RT - Native,0,0,0,0,0,0,1,0,0,0
7/29/2020,RT - YouTube,1785.5192,72728,332,5.37806988,0.004564954,0,0,0,0,0
7/30/2020,Brand Search - Bing,6171.1,5747,890,6.933820225,0.154863407,0.122677,269,33,22.94089219,187.0030303
7/30/2020,Brand Search - Google,91303.72,15647,7397,12.3433446,0.472742379,0.149801,3271,490,27.9130908,186.3341224
7/30/2020,NB Search - Bing,855.09,1226,71,12.04352113,0.057911909,0.095238,21,2,40.71857143,427.545
7/30/2020,NB Search - Google,46791.6,42134,2108,22.1971537,0.050030854,0.082982,711,59,65.81097046,793.0779661
7/30/2020,Prospecting - Discovery,15473.5327,1293565,5419,2.855422163,0.004189198,0.04065,246,10,62.90053943,1547.35327
7/30/2020,Prospecting - Display,169.02,19212,220,0.768272727,0.011451176,0,0,0,0,0
7/30/2020,Prospecting - Facebook,0,0,0,0,0,0,0,0,0,0
7/30/2020,Prospecting - Native,11182.81,0,14935,0.748765316,0.002622264,0.032967,91,3,122.888022,3727.603333
7/30/2020,Prospecting - YouTube,2622.9946,146162,447,5.867996868,0.00305825,0,12,0,218.5828833,0
7/30/2020,RT - Discovery,4550.0191,245489,1738,2.617962658,0.007079747,0.09375,64,6,71.09404844,758.3365167
7/30/2020,RT - Display,3399.54,286988,821,4.140730816,0.002860747,0.137931,58,8,58.61275862,424.9425
7/30/2020,RT - Facebook,0,0,0,0,0,0,0,0,0,0
7/30/2020,RT - Native,0,0,0,0,0,0,4,0,0,0
7/30/2020,RT - YouTube,1747.3881,71815,304,5.747987171,0.004233099,0,0,0,0,0
7/31/2020,Brand Search - Bing,6798.63,5925,980,6.937377551,0.165400844,0.134146,246,33,27.63670732,206.0190909
7/31/2020,Brand Search - Google,103449.1932,17260,8268,12.51199724,0.479026651,0.183047,3551,650,29.13241149,159.1526049
7/31/2020,NB Search - Bing,917.14,1166,68,13.48735294,0.058319039,0.09375,32,3,28.660625,305.7133333
7/31/2020,NB Search - Google,46168,30987,2708,17.04874446,0.087391487,0.095568,722,69,63.94459834,669.1014493
7/31/2020,Prospecting - Discovery,12607.5381,1053599,4251,2.965781722,0.004034742,0.049505,202,10,62.41355495,1260.75381
7/31/2020,Prospecting - Display,157.94,12920,153,1.032287582,0.011842105,0,0,0,0,0
7/31/2020,Prospecting - Facebook,0,0,0,0,0,0,0,1,0,0
7/31/2020,Prospecting - Native,9201.28,0,12846,0.716275884,0.002862364,0.057692,52,3,176.9476923,3067.093333
7/31/2020,Prospecting - Twitter,0,0,0,0,0,0,5,0,0,0
7/31/2020,Prospecting - YouTube,2684.739,150009,528,5.084732955,0.003519789,0,5,0,536.9478,0
7/31/2020,RT - Discovery,3994.1934,258113,1817,2.198235223,0.007039552,0.025641,39,1,102.4152154,3994.1934
7/31/2020,RT - Display,3245.315,241137,779,4.166001284,0.003230529,0.214286,42,9,77.26940476,360.5905556
7/31/2020,RT - Facebook,0,0,0,0,0,0,0,0,0,0
7/31/2020,RT - Native,0,0,0,0,0,0.166667,6,1,0,0
7/31/2020,RT - YouTube,1788.7855,67507,326,5.487072086,0.004829129,0,0,0,0,0
8/1/2020,Brand Search - Bing,3769.36,4224,620,6.079612903,0.146780303,0.197531,162,32,23.26765432,117.7925
8/1/2020,Brand Search - Google,63708.1501,11085,5377,11.84827043,0.485069914,0.155519,2437,379,26.14203943,168.0953828
8/1/2020,NB Search - Bing,472.76,820,36,13.13222222,0.043902439,0.071429,14,1,33.76857143,472.76
8/1/2020,NB Search - Google,36258.13,12622,1067,33.98137769,0.084534939,0.075,520,39,69.72717308,929.695641
8/1/2020,Prospecting - Discovery,16103.5675,1639988,8535,1.886768307,0.005204306,0.031088,193,6,83.43817358,2683.927917
8/1/2020,Prospecting - Display,152.45,34368,238,0.640546218,0.006925047,0,0,0,0,0
8/1/2020,Prospecting - Facebook,0,0,0,0,0,0,0,1,0,0
8/1/2020,Prospecting - Native,365.34,0,486,0.751728395,0.003972698,0.083333,12,1,30.445,365.34
8/1/2020,Prospecting - Twitter,0,0,0,0,0,0,1,0,0,0
8/1/2020,Prospecting - YouTube,2628.2363,157856,543,4.84021418,0.003439844,0,1,0,2628.2363,0
8/1/2020,RT - Discovery,3824.9198,280233,2038,1.876800687,0.00727252,0.017544,57,1,67.10385614,3824.9198
8/1/2020,RT - Display,3043.096,213446,693,4.391191919,0.003246723,0.25,32,8,95.09675,380.387
8/1/2020,RT - Facebook,0,0,0,0,0,0,0,0,0,0
8/1/2020,RT - Native,0,0,0,0,0,0,2,0,0,0
8/1/2020,RT - YouTube,1744.3576,69086,320,5.4511175,0.004631908,0,0,0,0,0
8/2/2020,Brand Search - Bing,3132.71,3709,515,6.082932039,0.138851442,0.084507,142,12,22.06133803,261.0591667
8/2/2020,Brand Search - Google,44272.33,8662,4008,11.04599052,0.46271069,0.093348,1864,174,23.75125,254.4386782
8/2/2020,NB Search - Bing,569.79,805,39,14.61,0.048447205,0.066667,15,1,37.986,569.79
8/2/2020,NB Search - Google,36137.13,11627,1080,33.46030556,0.092887245,0.053191,564,30,64.07292553,1204.571
8/2/2020,Prospecting - Discovery,11523.5999,1181221,5587,2.062573814,0.004729852,0.009901,202,2,57.04752426,5761.79995
8/2/2020,Prospecting - Display,152.09,52120,290,0.524448276,0.005564083,0,0,0,0,0
8/2/2020,Prospecting - Facebook,0,0,0,0,0,0,1,0,0,0
8/2/2020,Prospecting - Native,9849.3,0,16423,0.599725994,0.003372351,0.033898,59,2,166.9372881,4924.65
8/2/2020,Prospecting - Twitter,0,0,0,0,0,0,2,0,0,0
8/2/2020,Prospecting - YouTube,2628.1042,154744,545,4.822209541,0.003521946,0,7,0,375.4434571,0
8/2/2020,RT - Discovery,3455.6133,253180,1835,1.883168011,0.007247808,0.047619,42,2,82.27650714,1727.80665
8/2/2020,RT - Display,3756.3,220963,681,5.515859031,0.003081964,0.058824,51,3,73.65294118,1252.1
8/2/2020,RT - Facebook,0,0,0,0,0,0,0,0,0,0
8/2/2020,RT - Native,0,0,0,0,0,0.125,8,1,0,0
8/2/2020,RT - YouTube,1759.3561,70231,334,5.267533234,0.004755735,0,0,0,0,0
8/3/2020,Brand Search - Bing,6412.89,6243,1000,6.41289,0.160179401,0.155102,245,38,26.17506122,168.7602632
8/3/2020,Brand Search - Google,102981.8652,17837,8519,12.08849222,0.477602736,0.144632,3623,524,28.42447287,196.5302771
8/3/2020,Monetization ,560.03,101166,1200,0.466691667,0.011861693,0,0,0,0,0
8/3/2020,NB Search - Bing,905.15,1381,64,14.14296875,0.04634323,0.133333,30,4,30.17166667,226.2875
8/3/2020,NB Search - Google,50934.79,19326,1615,31.53856966,0.08356618,0.071611,782,56,65.13400256,909.5498214
8/3/2020,Prospecting - Discovery,8583.255,586426,2220,3.866331081,0.003785644,0.0625,144,9,59.6059375,953.695
8/3/2020,Prospecting - Display,154.72,20712,204,0.758431373,0.009849363,0,0,0,0,0
8/3/2020,Prospecting - Facebook,1847.27,254935,482,3.832510373,0.001890678,0,89,0,20.7558427,0
8/3/2020,Prospecting - Native,10361.62,0,16927,0.612135641,0.003186658,0.052632,76,4,136.3371053,2590.405
8/3/2020,Prospecting - Twitter,0,0,0,0,0,0,1,0,0,0
8/3/2020,Prospecting - YouTube,7439.5908,404562,1353,5.498588914,0.003344358,0,16,0,464.974425,0
8/3/2020,RT - Discovery,3183.4965,137630,861,3.697440767,0.006255904,0.137255,51,7,62.4215,454.7852143
8/3/2020,RT - Display,3336.249,225056,663,5.032049774,0.002945933,0.173913,23,4,145.0543043,834.06225
8/3/2020,RT - Facebook,1380.71,109656,212,6.512783019,0.001933319,0,20,0,69.0355,0
8/3/2020,RT - Native,0,0,0,0,0,0,9,0,0,0
8/3/2020,RT - YouTube,2516.2443,98147,454,5.542388326,0.004625714,0,0,0,0,0
8/4/2020,Brand Search - Bing,6479.04,6485,994,6.518148893,0.153276793,0.137339,233,32,27.80703863,202.47
8/4/2020,Brand Search - Google,86891.6058,15270,7125,12.19531309,0.466601179,0.134803,3175,428,27.3674349,203.0177706
8/4/2020,Monetization ,985.6701,212097,1958,0.503406588,0.009231625,0,0,0,0,0
8/4/2020,NB Search - Bing,900.06,1479,73,12.32958904,0.049357674,0.136364,22,3,40.91181818,300.02
8/4/2020,NB Search - Google,48891.78,18631,1593,30.69163842,0.085502657,0.063158,760,48,64.33128947,1018.57875
8/4/2020,Prospecting - Discovery,8094.8137,829429,4090,1.979172054,0.004931103,0.050847,118,6,68.6001161,1349.135617
8/4/2020,Prospecting - Display,151.3,20885,186,0.81344086,0.008905913,0,0,0,0,0
8/4/2020,Prospecting - Facebook,3839.69,549838,1009,3.805441031,0.001835086,0.006135,163,1,23.55638037,3839.69
8/4/2020,Prospecting - Native,8031.75,0,13962,0.575257843,0.003053453,0.069767,43,3,186.7848837,2677.25
8/4/2020,Prospecting - Twitter,0,0,0,0,0,0,1,0,0,0
8/4/2020,Prospecting - YouTube,8539.0719,430699,1404,6.081960043,0.003259817,0,13,0,656.8516846,0
8/4/2020,RT - Discovery,3124.2323,170097,1211,2.579878035,0.007119467,0.1,40,4,78.1058075,781.058075
8/4/2020,RT - Display,3329.227,229995,683,4.874417277,0.00296963,0.068966,29,2,114.800931,1664.6135
8/4/2020,RT - Facebook,1926.3,149925,298,6.46409396,0.001987661,0,28,0,68.79642857,0
8/4/2020,RT - Native,0,0,0,0,0,0.2,10,2,0,0
8/4/2020,RT - YouTube,2792.1023,100232,422,6.616356161,0.004210232,0,0,0,0,0
8/5/2020,Brand Search - Bing,6205.22,6194,961,6.457044745,0.155150145,0.111111,225,25,27.57875556,248.2088
8/5/2020,Brand Search - Google,86630.94,15236,7145,12.12469419,0.468955106,0.141946,3135,445,27.63347368,194.6762697
8/5/2020,Monetization ,985.29,204190,1857,0.530581583,0.009094471,0,0,0,0,0
8/5/2020,NB Search - Bing,990.58,1326,77,12.86467532,0.058069382,0.125,32,4,30.955625,247.645
8/5/2020,NB Search - Google,47194.65,18291,1523,30.98795141,0.083264994,0.065637,777,51,60.73957529,925.3852941
8/5/2020,Prospecting - Discovery,8690.7939,740400,2876,3.021833762,0.003884387,0.080247,162,13,53.64687593,668.5226077
8/5/2020,Prospecting - Display,153.8,20840,201,0.765174129,0.009644914,0,0,0,0,0
8/5/2020,Prospecting - Facebook,5895.5101,715371,1393,4.232239842,0.001947241,0.022305,269,6,21.91639442,982.5850167
8/5/2020,Prospecting - Native,7124.36,0,10297,0.691886957,0.003054553,0.032258,31,1,229.8180645,7124.36
8/5/2020,Prospecting - Twitter,0,0,0,0,0,0,1,0,0,0
8/5/2020,Prospecting - YouTube,8392.8627,440258,1453,5.776230351,0.003300338,0,9,0,932.5403,0
8/5/2020,RT - Discovery,3320.4686,215677,1501,2.212170953,0.006959481,0.074074,27,2,122.9803185,1660.2343
8/5/2020,RT - Display,3726.252,220435,656,5.680262195,0.002975934,0.061224,49,3,76.04595918,1242.084
8/5/2020,RT - Facebook,1693.46,121421,236,7.175677966,0.001943651,0.028571,35,1,48.38457143,1693.46
8/5/2020,RT - Native,0,0,0,0,0,0.2,5,1,0,0
8/5/2020,RT - YouTube,2496.6732,91819,417,5.987225899,0.004541544,0,0,0,0,0
8/6/2020,Brand Search - Bing,7289.94,8211,1415,5.15190106,0.172329801,0.150198,253,38,28.81399209,191.8405263
8/6/2020,Brand Search - Google,98242.8113,15730,7568,12.98134399,0.481118881,0.135558,3386,459,29.01441562,214.0366259
8/6/2020,Monetization ,985.81,253266,1754,0.562035348,0.006925525,0,0,0,0,0
8/6/2020,NB Search - Bing,825.03,1369,56,14.73267857,0.040905771,0,20,0,41.2515,0
8/6/2020,NB Search - Google,46137.62,18058,1482,31.1319973,0.082068889,0.055788,717,40,64.34814505,1153.4405
8/6/2020,Prospecting - Discovery,7281.8928,692831,2930,2.485287645,0.004229026,0.066116,121,8,60.18093223,910.2366
8/6/2020,Prospecting - Display,151.04,17260,201,0.751442786,0.011645423,0,0,0,0,0
8/6/2020,Prospecting - Facebook,7021.1299,722149,1432,4.903023673,0.00198297,0.019455,257,5,27.3195716,1404.22598
8/6/2020,Prospecting - Native,7579.82,0,9925,0.763709824,0.003070844,0.102564,39,4,194.354359,1894.955
8/6/2020,Prospecting - YouTube,11063.891,599852,1843,6.003196419,0.003072425,0,5,0,2212.7782,0
8/6/2020,RT - Discovery,3004.4397,187024,1362,2.205902863,0.007282488,0.085714,35,3,85.84113429,1001.4799
8/6/2020,RT - Display,3344.936,247656,733,4.563350614,0.002959751,0.04878,41,2,81.58380488,1672.468
8/6/2020,RT - Facebook,1674.2999,101982,238,7.034873529,0.002333745,0.020408,49,1,34.16938571,1674.2999
8/6/2020,RT - Native,0,0,0,0,0,0,6,0,0,0
8/6/2020,RT - YouTube,2827.471,93789,407,6.947103194,0.004339528,0,0,0,0,0
8/7/2020,Brand Search - Bing,7966.25,8802,1647,4.836824529,0.187116564,0.163265,245,40,32.51530612,199.15625
8/7/2020,Brand Search - Google,103739.2238,16080,7794,13.31013906,0.484701493,0.158501,3388,537,30.61960561,193.1829121
8/7/2020,Monetization ,984.9799,179033,1802,0.546603718,0.010065184,0,0,0,0,0
8/7/2020,NB Search - Bing,998.4,1345,71,14.06197183,0.052788104,0.09375,32,3,31.2,332.8
8/7/2020,NB Search - Google,43749.75,16861,1428,30.63707983,0.084692486,0.086648,704,61,62.14453125,717.2090164
8/7/2020,Prospecting - Discovery,8763.7566,781065,3460,2.53287763,0.004429849,0.021127,142,3,61.71659577,2921.2522
8/7/2020,Prospecting - Display,154.32,14826,189,0.816507937,0.012747875,0,0,0,0,0
8/7/2020,Prospecting - Facebook,7586.3907,726556,1458,5.203285802,0.002006728,0.02518,278,7,27.28917518,1083.7701
8/7/2020,Prospecting - Native,6648.85,0,8546,0.778007255,0.003185448,0.051282,39,2,170.4833333,3324.425
8/7/2020,Prospecting - Twitter,0,0,0,0,0,0,1,0,0,0
8/7/2020,Prospecting - YouTube,10254.1964,611107,1864,5.501178326,0.003050202,0,11,0,932.1996727,0
8/7/2020,RT - Discovery,2707.886,119749,791,3.423370417,0.006605483,0.181818,44,8,61.54286364,338.48575
8/7/2020,RT - Display,3822.209,223117,656,5.82653811,0.002940161,0.1,30,3,127.4069667,1274.069667
8/7/2020,RT - Facebook,1659.4401,96046,213,7.790798592,0.002217687,0.028571,35,1,47.41257429,1659.4401
8/7/2020,RT - Native,8.49,0,14,0.606428571,0.007579859,0.5,6,3,1.415,2.83
8/7/2020,RT - YouTube,2814.5679,87606,440,6.396745227,0.005022487,0,0,0,0,0
8/8/2020,Brand Search - Bing,4228.31,5313,717,5.897224547,0.134952005,0.155844,154,24,27.45655844,176.1795833
8/8/2020,Brand Search - Google,67797.2921,10521,5308,12.77266242,0.50451478,0.135714,2380,323,28.48625718,209.8987372
8/8/2020,Monetization ,984.8699,262592,1552,0.634581121,0.00591031,0,0,0,0,0
8/8/2020,NB Search - Bing,410.24,728,29,14.1462069,0.039835165,0,12,0,34.18666667,0
8/8/2020,NB Search - Google,33605.35,12082,1034,32.50033849,0.085581857,0.063462,520,33,64.62567308,1018.343939
8/8/2020,Prospecting - Discovery,9136.5871,807570,3550,2.573686507,0.004395904,0.013245,151,2,60.50719934,4568.29355
8/8/2020,Prospecting - Display,156.55,29836,198,0.790656566,0.006636278,0,0,0,0,0
8/8/2020,Prospecting - Facebook,7163.7001,637554,1418,5.051974683,0.002224125,0.014493,276,4,25.95543514,1790.925025
8/8/2020,Prospecting - Native,6173.6,0,8071,0.764911411,0.003583792,0.018182,55,1,112.2472727,6173.6
8/8/2020,Prospecting - Twitter,0,0,0,0,0,0,5,0,0,0
8/8/2020,Prospecting - YouTube,7307.135,358603,1306,5.59504977,0.00364191,0,11,0,664.285,0
8/8/2020,RT - Discovery,3156.4703,200104,1496,2.10994004,0.007476112,0.105263,38,4,83.06500789,789.117575
8/8/2020,RT - Display,2612.215,198389,603,4.332031509,0.003039483,0.034483,29,1,90.07637931,2612.215
8/8/2020,RT - Facebook,1750.25,105440,208,8.414663462,0.001972686,0,33,0,53.03787879,0
8/8/2020,RT - Native,13.54,0,16,0.84625,0.005018821,0,2,0,6.77,0
8/8/2020,RT - YouTube,2669.2099,81327,477,5.595827883,0.005865211,0,0,0,0,0
8/9/2020,Brand Search - Bing,4921.57,9333,1133,4.343839365,0.121397193,0.105882,170,18,28.95041176,273.4205556
8/9/2020,Brand Search - Google,45442.2043,8246,3946,11.51601731,0.478535047,0.103216,1928,199,23.56960804,228.3527854
8/9/2020,Monetization ,1000.2,238418,1748,0.572196796,0.007331661,0,0,0,0,0
8/9/2020,NB Search - Bing,408.43,776,33,12.37666667,0.042525773,0.090909,11,1,37.13,408.43
8/9/2020,NB Search - Google,31880.01,11471,991,32.16953582,0.086391771,0.055556,486,27,65.5967284,1180.741111
8/9/2020,Prospecting - Discovery,8175.261,806060,3597,2.272799833,0.004462447,0.016,125,2,65.402088,4087.6305
8/9/2020,Prospecting - Display,152.59,31347,190,0.803105263,0.006061186,0,0,0,0,0
8/9/2020,Prospecting - Facebook,6910.55,751683,1477,4.678774543,0.001964924,0.006897,290,2,23.82948276,3455.275
8/9/2020,Prospecting - Native,5936.38,0,7856,0.755649185,0.003594695,0.02,50,1,118.7276,5936.38
8/9/2020,Prospecting - Twitter,0,0,0,0,0,0,2,0,0,0
8/9/2020,Prospecting - YouTube,5971.2229,312688,1128,5.293637323,0.00360743,0,8,0,746.4028625,0
8/9/2020,RT - Discovery,3071.4421,209440,1493,2.057228466,0.007128533,0.052632,38,2,80.82742368,1535.72105
8/9/2020,RT - Display,3531.449,185070,652,5.416332822,0.003522991,0.088235,34,3,103.8661471,1177.149667
8/9/2020,RT - Facebook,1678.9599,104678,201,8.353034328,0.001920174,0,30,0,55.96533,0
8/9/2020,RT - Native,9.28,0,17,0.545882353,0.006148282,0,4,0,2.32,0
8/9/2020,RT - YouTube,2421.6706,76528,421,5.752186698,0.005501254,0,0,0,0,0
8/10/2020,Brand Search - Bing,7909.88,7578,1417,5.582131263,0.186988651,0.097872,235,23,33.65906383,343.9078261
8/10/2020,Brand Search - Google,100624.3811,16181,7862,12.79882741,0.485878499,0.130298,3492,455,28.8156876,221.1524859
8/10/2020,Monetization ,1000.2099,190169,1829,0.546861618,0.009617761,0,0,0,0,0
8/10/2020,NB Search - Bing,1139.29,1614,81,14.06530864,0.050185874,0.027027,37,1,30.79162162,1139.29
8/10/2020,NB Search - Google,51182.7,19505,1684,30.39352732,0.086336837,0.063584,865,55,59.17075145,930.5945455
8/10/2020,Prospecting - Discovery,13077.3798,959161,3690,3.544005366,0.003847112,0.048544,206,10,63.48242621,1307.73798
8/10/2020,Prospecting - Display,152.38,13767,168,0.90702381,0.012203094,0,1,0,152.38,0
8/10/2020,Prospecting - Facebook,7630.7103,736406,1561,4.888347406,0.002119755,0.016077,311,5,24.53604598,1526.14206
8/10/2020,Prospecting - Native,5731.22,0,7884,0.726943176,0.003387921,0.073171,41,3,139.7858537,1910.406667
8/10/2020,Prospecting - Twitter,0,0,0,0,0,0,2,0,0,0
8/10/2020,Prospecting - YouTube,5815.7928,294847,1013,5.741157749,0.00343568,0.181818,11,2,528.7084364,2907.8964
8/10/2020,RT - Discovery,3881.2048,201646,1502,2.584024501,0.007448697,0.086957,46,4,84.37401739,970.3012
8/10/2020,RT - Display,3442.818,235963,656,5.248198171,0.002780097,0.1,30,3,114.7606,1147.606
8/10/2020,RT - Facebook,2341.4499,157459,335,6.989402687,0.002127538,0.019608,51,1,45.91078235,2341.4499
8/10/2020,RT - Native,36.98,0,54,0.684814815,0.010761259,0,3,0,12.32666667,0
8/10/2020,RT - YouTube,2313.0427,74863,369,6.268408401,0.004929004,0,0,0,0,0
8/11/2020,Brand Search - Bing,6551.53,7233,1117,5.865290958,0.15443108,0.148325,209,31,31.34703349,211.3396774
8/11/2020,Brand Search - Google,85140.78,14626,7181,11.85639605,0.490974976,0.114062,3314,378,25.69124321,225.2401587
8/11/2020,Monetization ,990.01,273097,1661,0.596032511,0.006082088,0,0,0,0,0
8/11/2020,NB Search - Bing,807.76,1549,56,14.42428571,0.036152356,0.071429,14,1,57.69714286,807.76
8/11/2020,NB Search - Google,46523.08,18794,1540,30.20979221,0.081941045,0.072603,730,53,63.73024658,877.7939623
8/11/2020,Prospecting - Discovery,9151.3575,1043875,4979,1.837991062,0.004769728,0.028571,175,5,52.29347143,1830.2715
8/11/2020,Prospecting - Display,150.37,15516,194,0.775103093,0.012503222,0,0,0,0,0
8/11/2020,Prospecting - Facebook,7796.67,746535,1569,4.969196941,0.00210171,0.020649,339,7,22.99902655,1113.81
8/11/2020,Prospecting - Native,6321.36,0,8788,0.719317251,0.002838966,0.02439,41,1,154.1795122,6321.36
8/11/2020,Prospecting - YouTube,6439.8728,316055,999,6.446319119,0.003160842,0.166667,12,2,536.6560667,3219.9364
8/11/2020,RT - Discovery,3484.1338,240785,1768,1.970663914,0.00734265,0,44,0,79.18485909,0
8/11/2020,RT - Display,4274.227,226193,668,6.398543413,0.00295323,0.05,40,2,106.855675,2137.1135
8/11/2020,RT - Facebook,2408.9,144949,282,8.542198582,0.001945512,0.051282,39,2,61.76666667,1204.45
8/11/2020,RT - Native,24.52,0,25,0.9808,0.004831852,0,5,0,4.904,0
8/11/2020,RT - YouTube,2435.3181,78299,387,6.292811628,0.004942592,0,0,0,0,0
8/12/2020,Brand Search - Bing,7495.59,9892,1215,6.169209877,0.122826526,0.116883,231,27,32.44844156,277.6144444
8/12/2020,Brand Search - Google,86180.45,14369,6909,12.47365031,0.48082678,0.107016,3093,331,27.86306175,260.3638973
8/12/2020,Monetization ,1000.5199,138652,1849,0.541114062,0.013335545,0,0,0,0,0
8/12/2020,NB Search - Bing,1118.26,1554,82,13.63731707,0.052767053,0.055556,36,2,31.06277778,559.13
8/12/2020,NB Search - Google,50028.95,18085,1516,33.00062665,0.083826375,0.050258,776,39,64.47029639,1282.79359
8/12/2020,Prospecting - Discovery,11300.529,937260,3247,3.480298429,0.003464354,0.04,200,8,56.502645,1412.566125
8/12/2020,Prospecting - Display,151.6,12059,178,0.851685393,0.01476076,0,0,0,0,0
8/12/2020,Prospecting - Facebook,7708.6803,748383,1612,4.782059739,0.002153977,0.019663,356,7,21.65359635,1101.240043
8/12/2020,Prospecting - Native,6005.68,0,8473,0.708802077,0.002859818,0.042553,47,2,127.7804255,3002.84
8/12/2020,Prospecting - YouTube,5652.9643,269256,975,5.797912103,0.003621089,0.166667,6,1,942.1607167,5652.9643
8/12/2020,RT - Discovery,3425.9694,179982,1199,2.85735563,0.006661777,0.023256,43,1,79.67370698,3425.9694
8/12/2020,RT - Display,3647.738,223483,647,5.637925811,0.002895075,0.133333,30,4,121.5912667,911.9345
8/12/2020,RT - Facebook,2426.4502,147875,295,8.225254915,0.001994928,0.02381,42,1,57.77262381,2426.4502
8/12/2020,RT - Native,14.92,0,15,0.994666667,0.003324468,0,3,0,4.973333333,0
8/12/2020,RT - YouTube,2427.245,76776,375,6.472653333,0.004884339,0,0,0,0,0
8/13/2020,Brand Search - Bing,7302.45,8378,1063,6.869661336,0.126879924,0.110619,226,25,32.31172566,292.098
8/13/2020,Brand Search - Google,94180.09,14976,7391,12.74253687,0.49352297,0.134485,3242,436,29.04999692,216.0093807
8/13/2020,Monetization ,1003.38,249865,1645,0.609957447,0.006583555,0,0,0,0,0
8/13/2020,NB Search - Bing,1061.48,1473,79,13.4364557,0.053632043,0.047619,21,1,50.54666667,1061.48
8/13/2020,NB Search - Google,58030.11,18852,1690,34.3373432,0.089645661,0.077106,843,65,68.83761566,892.7709231
8/13/2020,Prospecting - Discovery,13887.6495,831440,2620,5.30062958,0.003151159,0.028708,209,6,66.44808373,2314.60825
8/13/2020,Prospecting - Display,151.04,11122,156,0.968205128,0.014026254,0,0,0,0,0
8/13/2020,Prospecting - Facebook,6783.5797,551853,1177,5.763449193,0.002132814,0.003125,320,1,21.19868656,6783.5797
8/13/2020,Prospecting - Native,6759.5,0,9740,0.69399384,0.002987364,0.068182,44,3,153.625,2253.166667
8/13/2020,Prospecting - YouTube,16971.9477,959878,2688,6.313968638,0.002800356,0.133333,15,2,1131.46318,8485.97385
8/13/2020,RT - Discovery,4191.834,267525,1993,2.103278475,0.007449771,0.12,50,6,83.83668,698.639
8/13/2020,RT - Display,5336.377,256251,724,7.370686464,0.002825355,0.125,40,5,133.409425,1067.2754
8/13/2020,RT - Facebook,2476.8399,128427,222,11.15693649,0.001728608,0,33,0,75.05575455,0
8/13/2020,RT - Native,27.11,0,19,1.426842105,0.00437788,0,6,0,4.518333333,0
8/13/2020,RT - YouTube,2862.166,87690,436,6.564600917,0.004972061,0,0,0,0,0
8/14/2020,Brand Search - Bing,8111.63,10113,1289,6.292963538,0.127459705,0.148649,222,33,36.53887387,245.8069697
8/14/2020,Brand Search - Google,99603.73,15256,7468,13.33740359,0.489512323,0.156423,3254,509,30.60962815,195.6851277
8/14/2020,Monetization ,831.41,136257,1514,0.549147952,0.011111356,0,0,0,0,0
8/14/2020,NB Search - Bing,890.39,1335,71,12.54070423,0.053183521,0.193548,31,6,28.72225806,148.3983333
8/14/2020,NB Search - Google,51298.69,17062,1477,34.73167908,0.086566639,0.092697,712,66,72.04872191,777.2528788
8/14/2020,Prospecting - Discovery,6804.4996,442309,1406,4.839615647,0.003178773,0.083333,132,11,51.54923939,618.5908727
8/14/2020,Prospecting - Display,149.42,10231,136,1.098676471,0.013292933,0,0,1,0,149.42
8/14/2020,Prospecting - Facebook,4998.8802,388124,908,5.50537467,0.002339459,0.004405,227,1,22.02149868,4998.8802
8/14/2020,Prospecting - Native,6606.94,0,10168,0.649777734,0.003215885,0.093023,43,4,153.6497674,1651.735
8/14/2020,Prospecting - YouTube,15849.6619,840412,2735,5.795123181,0.003254356,0,13,0,1219.204762,0
8/14/2020,RT - Discovery,3332.0176,173030,1299,2.565063587,0.007507369,0.097561,41,4,81.26872195,833.0044
8/14/2020,RT - Display,3376.956,234951,669,5.047766816,0.002847402,0.157895,19,3,177.7345263,1125.652
8/14/2020,RT - Facebook,2385.01,119548,221,10.79190045,0.00184863,0.08,25,2,95.4004,1192.505
8/14/2020,RT - Native,28.04,0,13,2.156923077,0.002511592,0,4,0,7.01,0
8/14/2020,RT - YouTube,3007.671,89668,481,6.252954262,0.005364233,0,0,0,0,0
8/15/2020,Brand Search - Bing,3852.01,3922,540,7.133351852,0.137684855,0.147651,149,22,25.85241611,175.0913636
8/15/2020,Brand Search - Google,62089.92,9849,4923,12.61221207,0.4998477,0.13946,2187,305,28.39045267,203.5735082
8/15/2020,Monetization ,742.02,143493,1266,0.586113744,0.00882273,0,0,0,0,0
8/15/2020,NB Search - Bing,446.84,856,31,14.41419355,0.036214953,0.1,10,1,44.684,446.84
8/15/2020,NB Search - Google,46832.27,12217,1161,40.33787252,0.095031513,0.051948,616,32,76.02641234,1463.508438
8/15/2020,Prospecting - Discovery,11531.9342,717766,2710,4.255326273,0.003775604,0.035714,140,5,82.37095857,2306.38684
8/15/2020,Prospecting - Display,155.27,20002,157,0.988980892,0.007849215,0,0,0,0,0
8/15/2020,Prospecting - Facebook,4619.25,364255,888,5.201858108,0.002437853,0.013953,215,3,21.48488372,1539.75
8/15/2020,Prospecting - Native,6084.86,0,9193,0.661901447,0.003659459,0.1,40,4,152.1215,1521.215
8/15/2020,Prospecting - Twitter,0,0,0,0,0,0,2,0,0,0
8/15/2020,Prospecting - YouTube,15127.681,820733,2712,5.578053466,0.003304363,0,15,0,1008.512067,0
8/15/2020,RT - Discovery,3182.5447,182316,1312,2.425720046,0.007196297,0.025641,39,1,81.60371026,3182.5447
8/15/2020,RT - Display,3123.564,202596,619,5.046145396,0.003055342,0.05,20,1,156.1782,3123.564
8/15/2020,RT - Facebook,2599.08,138374,301,8.634817276,0.002175264,0.046512,43,2,60.44372093,1299.54
8/15/2020,RT - Native,22.26,0,14,1.59,0.003733333,0,2,0,11.13,0
8/15/2020,RT - YouTube,2920.1217,87455,517,5.648204449,0.005911612,0,0,0,0,0
8/16/2020,Brand Search - Bing,3418.9,4077,563,6.072646536,0.138091734,0.075758,132,10,25.90075758,341.89
8/16/2020,Brand Search - Google,45744.48,8177,3841,11.90952356,0.469732176,0.075221,1808,136,25.30115044,336.3564706
8/16/2020,Monetization ,800.2599,189939,1443,0.554580665,0.007597176,0,0,0,0,0
8/16/2020,NB Search - Bing,506.71,899,38,13.33447368,0.042269188,0.058824,17,1,29.80647059,506.71
8/16/2020,NB Search - Google,45958.99,12014,1140,40.31490351,0.094889296,0.050336,596,30,77.11239933,1531.966333
8/16/2020,Prospecting - Discovery,8931.6655,704075,2840,3.144952641,0.004033661,0.018293,164,3,54.461375,2977.221833
8/16/2020,Prospecting - Display,152.88,21480,165,0.926545455,0.007681564,0,0,0,0,0
8/16/2020,Prospecting - Facebook,4976.34,398983,959,5.189092805,0.002403611,0,236,0,21.08618644,0
8/16/2020,Prospecting - Native,5979.81,0,9206,0.649555725,0.003673749,0.035714,28,1,213.5646429,5979.81
8/16/2020,Prospecting - YouTube,12958.2253,796045,2594,4.995460794,0.00325861,0.052632,19,1,682.0118579,12958.2253
8/16/2020,RT - Discovery,3230.1422,220717,1520,2.125093553,0.006886647,0.022727,44,1,73.41232273,3230.1422
8/16/2020,RT - Display,2915.578,196909,598,4.875548495,0.003036936,0.035714,28,1,104.1277857,2915.578
8/16/2020,RT - Facebook,2648.61,155165,296,8.948006757,0.001907647,0.03125,32,1,82.7690625,2648.61
8/16/2020,RT - Native,22.84,0,11,2.076363636,0.00286533,0.5,2,1,11.42,22.84
8/16/2020,RT - YouTube,2598.6847,82436,436,5.960286009,0.005288951,0,0,0,0,0
8/17/2020,Brand Search - Bing,6170.21,8606,981,6.289714577,0.113990239,0.137778,225,31,27.42315556,199.0390323
8/17/2020,Brand Search - Google,93744.72,15846,7187,13.04365104,0.453552947,0.117248,3096,363,30.27930233,258.2499174
8/17/2020,Monetization ,800.15,118429,1536,0.52093099,0.012969796,0,0,0,0,0
8/17/2020,NB Search - Bing,1047.38,1700,80,13.09225,0.047058824,0.076923,26,2,40.28384615,523.69
8/17/2020,NB Search - Google,61631.36,19675,1723,35.76979687,0.087573062,0.052817,852,45,72.337277,1369.585778
8/17/2020,Posts - Facebook,0,0,0,0,0,0,0,0,0,0
8/17/2020,Prospecting - Discovery,8104.9795,603160,2032,3.988671014,0.003368924,0.045802,131,6,61.87007252,1350.829917
8/17/2020,Prospecting - Display,152.76,20024,137,1.115036496,0.00684179,0,0,0,0,0
8/17/2020,Prospecting - Facebook,5133.51,350500,939,5.466996805,0.00267903,0.007491,267,2,19.22662921,2566.755
8/17/2020,Prospecting - Native,6249.82,0,9448,0.661496613,0.002966897,0,36,0,173.6061111,0
8/17/2020,Prospecting - Twitter,0,0,0,0,0,0,1,0,0,0
8/17/2020,Prospecting - YouTube,5801.3315,264195,945,6.138975132,0.003576903,0,16,0,362.5832188,0
8/17/2020,RT - Discovery,3360.3104,183488,1254,2.679673365,0.006834234,0.075,40,3,84.00776,1120.103467
8/17/2020,RT - Display,3565.242,224436,615,5.797141463,0.002740202,0.125,32,4,111.4138125,891.3105
8/17/2020,RT - Facebook,2687.9899,144093,277,9.703934657,0.00192237,0.046512,43,2,62.51139302,1343.99495
8/17/2020,RT - Native,24.79,0,13,1.906923077,0.002565114,0,11,0,2.253636364,0
8/17/2020,RT - YouTube,2310.4264,71500,417,5.540590887,0.005832168,0,0,0,0,0
8/18/2020,Brand Search - Bing,5953.32,8304,964,6.175643154,0.116088632,0.091324,219,20,27.18410959,297.666
8/18/2020,Brand Search - Google,82734.0597,14021,6507,12.7146242,0.46408958,0.118246,2850,337,29.02949463,245.5016608
8/18/2020,Monetization ,461.49,97392,803,0.574707347,0.00824503,0,0,0,0,0
8/18/2020,NB Search - Bing,974.66,1750,74,13.17108108,0.042285714,0.034483,29,1,33.60896552,974.66
8/18/2020,NB Search - Google,53596.05,18936,1705,31.43463343,0.090040135,0.065445,764,50,70.15189791,1071.921
8/18/2020,Posts - Facebook,0,0,0,0,0,0,0,0,0,0
8/18/2020,Prospecting - Discovery,8838.2765,657818,2855,3.095718564,0.004340106,0.02069,145,3,60.95363103,2946.092167
8/18/2020,Prospecting - Display,150.3,17755,123,1.22195122,0.006927626,0,0,0,0,0
8/18/2020,Prospecting - Facebook,3627.0601,239246,607,5.975387315,0.002537138,0.015873,189,3,19.19079418,1209.020033
8/18/2020,Prospecting - Native,4132.27,0,5795,0.713075065,0.002676936,0.1,30,3,137.7423333,1377.423333
8/18/2020,Prospecting - YouTube,3866.2893,173539,574,6.735695645,0.003307614,0.1,10,1,386.62893,3866.2893
8/18/2020,RT - Discovery,2729.0551,165334,1247,2.188496472,0.007542308,0.075,40,3,68.2263775,909.6850333
8/18/2020,RT - Display,2740.67,175277,506,5.416343874,0.002886859,0.227273,22,5,124.5759091,548.134
8/18/2020,RT - Facebook,5336.74,290508,511,10.4437182,0.001758988,0.040816,49,2,108.9130612,2668.37
8/18/2020,RT - Native,33.3,0,18,1.85,0.004399902,0,3,0,11.1,0
8/18/2020,RT - YouTube,2269.5913,70759,342,6.636231871,0.004833307,0,0,0,0,0
8/19/2020,Brand Search - Bing,5405.06,5325,720,7.507027778,0.135211268,0.153061,196,30,27.57683673,180.1686667
8/19/2020,Brand Search - Google,80272.13,13735,6403,12.53664376,0.466181289,0.12513,2893,362,27.74702039,221.7462155
8/19/2020,NB Search - Bing,1073.27,1626,72,14.90652778,0.044280443,0.181818,22,4,48.785,268.3175
8/19/2020,NB Search - Google,50708.3,19255,1629,31.12848373,0.084601402,0.080255,785,63,64.59656051,804.8936508
8/19/2020,Posts - Facebook,0,0,0,0,0,0,0,0,0,0
8/19/2020,Prospecting - Discovery,0,0,0,0,0,0.333333,9,3,0,0
8/19/2020,Prospecting - Display,153.84,18348,133,1.156691729,0.007248746,0,0,0,0,0
8/19/2020,Prospecting - Facebook,0,0,0,0,0,0.5,2,1,0,0
8/19/2020,Prospecting - Native,489.79,0,430,1.139046512,0.004447938,0,2,0,244.895,0
8/19/2020,Prospecting - YouTube,90.2717,6490,23,3.924856522,0.003543914,0,7,0,12.89595714,0
8/19/2020,RT - Discovery,2845.5631,176894,1268,2.244134937,0.007168135,0.1,50,5,56.911262,569.11262
8/19/2020,RT - Display,3098.753,212056,551,5.623871143,0.00259837,0,24,0,129.1147083,0
8/19/2020,RT - Facebook,10327,553570,1021,10.11459354,0.001844392,0.022727,88,2,117.3522727,5163.5
8/19/2020,RT - Native,0,0,0,0,0,0,2,0,0,0
8/19/2020,RT - YouTube,2049.5796,62741,285,7.191507368,0.004542484,0,0,0,0,0
8/20/2020,Brand Search - Bing,6211.37,5703,817,7.602656059,0.143257934,0.127358,212,27,29.29891509,230.0507407
8/20/2020,Brand Search - Google,90133.35,13823,6927,13.01188826,0.50112132,0.13906,3085,429,29.21664506,210.101049
8/20/2020,NB Search - Bing,998.22,1564,73,13.67424658,0.046675192,0,25,0,39.9288,0
8/20/2020,NB Search - Google,50811.6,18456,1649,30.81358399,0.089347638,0.071151,773,55,65.73298836,923.8472727
8/20/2020,Prospecting - Discovery,0,0,0,0,0,0.5,6,3,0,0
8/20/2020,Prospecting - Display,153.41,21018,126,1.217539683,0.005994862,0,0,0,0,0
8/20/2020,Prospecting - Facebook,0,0,0,0,0,0,2,0,0,0
8/20/2020,Prospecting - Native,264.33,0,203,1.302118227,0.003873676,0,6,0,44.055,0
8/20/2020,Prospecting - Twitter,0,0,0,0,0,0,1,0,0,0
8/20/2020,Prospecting - YouTube,0,0,0,0,0,0,6,0,0,0
8/20/2020,RT - Discovery,2484.1133,146365,1141,2.177136985,0.00779558,0.078947,38,3,65.37140263,828.0377667
8/20/2020,RT - Display,2006.31,142530,424,4.731863208,0.002974812,0.111111,18,2,111.4616667,1003.155
8/20/2020,RT - Facebook,10554.8798,584620,1049,10.06184919,0.001794328,0.029703,101,3,104.5037604,3518.293267
8/20/2020,RT - Native,0,0,0,0,0,0,1,0,0,0
8/20/2020,RT - YouTube,1103.6042,31390,133,8.29777594,0.004237018,0,0,0,0,0
8/21/2020,Brand Search - Bing,5369.88,5764,733,7.325893588,0.127168633,0.172589,197,34,27.25827411,157.9376471
8/21/2020,Brand Search - Google,92582.23,14157,7066,13.10249505,0.499117045,0.166505,3087,514,29.99100421,180.12107
8/21/2020,NB Search - Bing,839.35,1251,63,13.32301587,0.050359712,0.111111,27,3,31.08703704,279.7833333
8/21/2020,NB Search - Google,60710.74,17376,1691,35.90227085,0.09731814,0.07381,840,62,72.27469048,979.2054839
8/21/2020,Prospecting - Discovery,0,0,0,0,0,0.5,4,2,0,0
8/21/2020,Prospecting - Display,154.7,19780,127,1.218110236,0.006420627,0,0,0,0,0
8/21/2020,Prospecting - Facebook,0,0,0,0,0,0,1,0,0,0
8/21/2020,Prospecting - Native,0,0,0,0,0,0.25,4,1,0,0
8/21/2020,Prospecting - Twitter,0,0,0,0,0,0,0,1,0,0
8/21/2020,Prospecting - YouTube,0,0,0,0,0,0,2,0,0,0
8/21/2020,RT - Discovery,1129.1085,56451,307,3.67787785,0.005438345,0.153846,13,2,86.8545,564.55425
8/21/2020,RT - Display,980.17,59044,242,4.050289256,0.004098638,0.166667,6,1,163.3616667,980.17
8/21/2020,RT - Facebook,10197.98,536696,1008,10.11704365,0.001878158,0.034091,88,3,115.8861364,3399.326667
8/21/2020,RT - Native,0,0,0,0,0,0,1,0,0,0
8/22/2020,Brand Search - Bing,3114.2,3915,477,6.528721174,0.12183908,0.184397,141,26,22.08652482,119.7769231
8/22/2020,Brand Search - Google,59351.18,9196,4813,12.33143154,0.52337973,0.121041,2305,279,25.74888503,212.7282437
8/22/2020,NB Search - Bing,367.16,823,25,14.6864,0.030376671,0.142857,7,1,52.45142857,367.16
8/22/2020,NB Search - Google,34377.01,12300,1091,31.50963336,0.088699187,0.054545,550,30,62.50365455,1145.900333
8/22/2020,Prospecting - Discovery,0,0,0,0,0,0.166667,6,1,0,0
8/22/2020,Prospecting - Display,150.06,23528,134,1.119850746,0.005695342,0,0,0,0,0
8/22/2020,Prospecting - Native,0,0,0,0,0,0,2,0,0,0
8/22/2020,Prospecting - YouTube,0,0,0,0,0,0,1,0,0,0
8/22/2020,RT - Discovery,1455.4004,96085,682,2.134018182,0.007097882,0.08,25,2,58.216016,727.7002
8/22/2020,RT - Display,1123.08,110620,397,2.828916877,0.003588863,0,11,0,102.0981818,0
8/22/2020,RT - Facebook,9756.26,556571,968,10.07878099,0.001739221,0.010753,93,1,104.9060215,9756.26
8/22/2020,RT - YouTube,0,0,0,0,0,0,0,0,0,0
8/23/2020,Brand Search - Bing,2619.21,3707,404,6.483193069,0.108983005,0.114754,122,14,21.46893443,187.0864286
8/23/2020,Brand Search - Google,40396.96,7076,3571,11.3125063,0.504663652,0.100953,1783,180,22.65673584,224.4275556
8/23/2020,NB Search - Bing,494.5,820,35,14.12857143,0.042682927,0,9,0,54.94444444,0
8/23/2020,NB Search - Google,25808.14,10992,969,26.63378741,0.088155022,0.052966,472,25,54.67826271,1032.3256
8/23/2020,Prospecting - Discovery,0,0,0,0,0,0.5,2,1,0,0
8/23/2020,Prospecting - Display,150.42,24407,148,1.016351351,0.006063834,0,0,0,0,0
8/23/2020,Prospecting - Native,0,0,0,0,0,0.2,5,1,0,0
8/23/2020,Prospecting - Twitter,0,0,0,0,0,0,1,0,0,0
8/23/2020,RT - Discovery,1313.5017,68085,503,2.611335388,0.007387824,0.157895,19,3,69.13166842,437.8339
8/23/2020,RT - Display,1088.36,87262,358,3.040111732,0.004102588,0,10,0,108.836,0
8/23/2020,RT - Facebook,10129.31,606921,1060,9.55595283,0.001746521,0.024691,81,2,125.0532099,5064.655
8/23/2020,RT - Native,0,0,0,0,0,0,0,0,0,0
8/24/2020,Brand Search - Bing,5469.66,7748,809,6.761013597,0.104414042,0.162162,185,30,29.56572973,182.322
8/24/2020,Brand Search - Google,85830.005,14073,6952,12.34608818,0.493995594,0.121015,3074,372,27.92127684,230.7258199
8/24/2020,NB Search - Bing,1303.36,1608,92,14.16695652,0.05721393,0.027027,37,1,35.22594595,1303.36
8/24/2020,NB Search - Google,56287.24,19069,1817,30.97811778,0.095285542,0.093968,862,81,65.29842227,694.9041975
8/24/2020,Prospecting - Discovery,0,0,0,0,0,1,1,1,0,0
8/24/2020,Prospecting - Display,147.71,17959,118,1.251779661,0.006570522,1,1,1,147.71,147.71
8/24/2020,Prospecting - Facebook,0,0,0,0,0,0,0,0,0,0
8/24/2020,Prospecting - Native,0,0,0,0,0,0.142857,7,1,0,0
8/24/2020,Prospecting - YouTube,0,0,0,0,0,0,2,0,0,0
8/24/2020,RT - Discovery,1086.5446,61040,399,2.723169424,0.006536697,0.064516,31,2,35.04982581,543.2723
8/24/2020,RT - Display,1001.14,88066,279,3.588315412,0.003168078,0.111111,9,1,111.2377778,1001.14
8/24/2020,RT - Facebook,10322.59,618662,1011,10.21027695,0.001634172,0.012821,78,1,132.3408974,10322.59
8/24/2020,RT - Native,0,0,0,0,0,0,0,0,0,0
8/25/2020,Brand Search - Bing,6218.19,9993,881,7.058104427,0.088161713,0.105,200,21,31.09095,296.1042857
8/25/2020,Brand Search - Google,77470.9665,12822,6345,12.20976619,0.494852597,0.12469,2823,352,27.44277949,220.087973
8/25/2020,NB Search - Bing,1123.87,1531,78,14.40858974,0.050947093,0.029412,34,1,33.055,1123.87
8/25/2020,NB Search - Google,50002.82,18530,1644,30.41534063,0.088720993,0.062654,814,51,61.4285258,980.447451
8/25/2020,Prospecting - Discovery,0,0,0,0,0,1,2,2,0,0
8/25/2020,Prospecting - Display,147.48,25587,116,1.27137931,0.004533552,0,0,0,0,0
8/25/2020,Prospecting - Facebook,0,0,0,0,0,0,0,0,0,0
8/25/2020,Prospecting - Native,0,0,0,0,0,0,4,0,0,0
8/25/2020,RT - Discovery,1496.7475,71618,527,2.840128083,0.007358485,0.032258,31,1,48.28217742,1496.7475
8/25/2020,RT - Display,597.9708,41040,207,2.888747826,0.00504386,0.333333,6,2,99.6618,298.9854
8/25/2020,RT - Facebook,10127.99,583867,1082,9.360434381,0.001853162,0.044444,90,4,112.5332222,2531.9975
8/26/2020,Brand Search - Bing,5542.37,5594,703,7.883883357,0.125670361,0.134409,186,25,29.79768817,221.6948
8/26/2020,Brand Search - Google,76641.48,12545,6190,12.38149919,0.493423675,0.131427,2762,363,27.74854453,211.1335537
8/26/2020,NB Search - Bing,891.94,1347,64,13.9365625,0.047512992,0.086957,23,2,38.78,445.97
8/26/2020,NB Search - Google,47114.93,17448,1568,30.04778699,0.089867033,0.074803,762,57,61.8306168,826.5777193
8/26/2020,Prospecting - Discovery,0,0,0,0,0,0.75,4,3,0,0
8/26/2020,Prospecting - Display,146.19,34374,119,1.228487395,0.003461919,0,0,0,0,0
8/26/2020,Prospecting - Facebook,0,0,0,0,0,0,1,0,0,0
8/26/2020,Prospecting - Native,0,0,0,0,0,0.428571,7,3,0,0
8/26/2020,RT - Discovery,1277.0413,58114,421,3.033352257,0.007244382,0.088235,34,3,37.56003824,425.6804333
8/26/2020,RT - Display,236.892,20717,147,1.611510204,0.007095622,0.333333,6,2,39.482,118.446
8/26/2020,RT - Facebook,10156.94,614010,1100,9.233581818,0.001791502,0.037975,79,3,128.5688608,3385.646667
8/26/2020,RT - Native,0,0,0,0,0,0,1,0,0,0
8/27/2020,Brand Search - Bing,5772.92,7015,831,6.946955475,0.118460442,0.121212,198,24,29.15616162,240.5383333
8/27/2020,Brand Search - Google,86885.23,13116,6714,12.94090408,0.51189387,0.136612,2928,400,29.67391735,217.213075
8/27/2020,NB Search - Bing,909.15,1503,63,14.43095238,0.041916168,0.111111,27,3,33.67222222,303.05
8/27/2020,NB Search - Google,46712.55,17144,1540,30.33282468,0.089827345,0.073529,748,55,62.44993316,849.3190909
8/27/2020,Prospecting - Discovery,0,0,0,0,0,0.666667,3,2,0,0
8/27/2020,Prospecting - Display,146.14,27711,111,1.316576577,0.00400563,0,0,0,0,0
8/27/2020,Prospecting - Facebook,0,0,0,0,0,0,0,0,0,0
8/27/2020,Prospecting - Native,0,0,0,0,0,0,6,0,0,0
8/27/2020,Prospecting - YouTube,0,0,0,0,0,1,1,1,0,0
8/27/2020,RT - Discovery,1803.1212,93076,732,2.463280328,0.007864541,0.066667,30,2,60.10404,901.5606
8/27/2020,RT - Display,245.9255,22272,169,1.455180473,0.007588003,0,2,0,122.96275,0
8/27/2020,RT - Facebook,10309.9502,588082,1064,9.68980282,0.001809272,0.013889,72,1,143.1937528,10309.9502
8/27/2020,RT - Native,0,0,0,0,0,0,0,0,0,0
8/28/2020,Brand Search - Bing,5998.76,10658,946,6.341183932,0.088759617,0.173913,184,32,32.60195652,187.46125
8/28/2020,Brand Search - Google,89155.2635,13602,6919,12.88557067,0.508675195,0.160067,2980,477,29.91787366,186.9083092
8/28/2020,NB Search - Bing,841.22,1334,56,15.02178571,0.04197901,0.190476,21,4,40.05809524,210.305
8/28/2020,NB Search - Google,43713.12,16651,1435,30.46210453,0.08618101,0.09931,725,72,60.29395862,607.1266667
8/28/2020,Prospecting - Discovery,0,0,0,0,0,0.6,5,3,0,0
8/28/2020,Prospecting - Display,146.51,25207,120,1.220916667,0.004760582,0,0,0,0,0
8/28/2020,Prospecting - Facebook,0,0,0,0,0,0,0,0,0,0
8/28/2020,Prospecting - Native,0,0,0,0,0,0,1,0,0,0
8/28/2020,Prospecting - Twitter,0,0,0,0,0,0,1,0,0,0
8/28/2020,RT - Discovery,947.6905,41079,428,2.21423014,0.010418949,0.125,32,4,29.61532813,236.922625
8/28/2020,RT - Display,223.6562,17029,145,1.542456552,0.008514886,1,1,1,223.6562,223.6562
8/28/2020,RT - Facebook,10839.49,616225,1083,10.0087627,0.001757475,0.041667,72,3,150.5484722,3613.163333
8/28/2020,RT - Native,0,0,0,0,0,0,0,0,0,0
8/29/2020,Brand Search - Bing,4020.83,10815,689,5.83574746,0.063707813,0.189781,137,26,29.34912409,154.6473077
8/29/2020,Brand Search - Google,59881.7142,9089,4735,12.64661335,0.520959401,0.137324,2272,312,26.35638829,191.9285712
8/29/2020,NB Search - Bing,535.54,1015,37,14.47405405,0.036453202,0.0625,16,1,33.47125,535.54
8/29/2020,NB Search - Google,24408,11581,911,26.79253568,0.078663328,0.061466,423,26,57.70212766,938.7692308
8/29/2020,Prospecting - Discovery,0,0,0,0,0,0,2,0,0,0
8/29/2020,Prospecting - Display,128.89,17610,113,1.140619469,0.006416809,0,0,0,0,0
8/29/2020,Prospecting - Facebook,0,0,0,0,0,0.5,2,1,0,0
8/29/2020,Prospecting - Native,0,0,0,0,0,0,3,0,0,0
8/29/2020,RT - Discovery,1243.1489,61780,584,2.128679623,0.009452897,0,18,0,69.06382778,0
8/29/2020,RT - Display,247.1884,15790,157,1.574448408,0.009943002,0.5,2,1,123.5942,247.1884
8/29/2020,RT - Facebook,10838.72,622856,1182,9.169813875,0.00189771,0.035294,85,3,127.5143529,3612.906667
8/30/2020,Brand Search - Bing,3211.91,9266,525,6.11792381,0.056658752,0.086614,127,11,25.29062992,291.9918182
8/30/2020,Brand Search - Google,40466.73,7329,3541,11.4280514,0.483149134,0.118399,1799,213,22.49401334,189.9846479
8/30/2020,NB Search - Bing,455.08,1055,36,12.64111111,0.034123223,0.1,20,2,22.754,227.54
8/30/2020,NB Search - Google,24218.61,31916,1474,16.43053596,0.046183732,0.03163,411,13,58.92605839,1862.97
8/30/2020,Prospecting - Discovery,0,0,0,0,0,0,1,0,0,0
8/30/2020,Prospecting - Facebook,0,0,0,0,0,0,1,0,0,0
8/30/2020,Prospecting - Native,0,0,0,0,0,0,1,0,0,0
8/30/2020,Prospecting - YouTube,0,0,0,0,0,0,1,0,0,0
8/30/2020,RT - Discovery,876.1291,56291,616,1.4222875,0.010943135,0.035714,28,1,31.290325,876.1291
8/30/2020,RT - Display,239.0715,13570,164,1.457753049,0.012085483,0.5,2,1,119.53575,239.0715
8/30/2020,RT - Facebook,10026.87,615091,1083,9.258421053,0.001760715,0.029851,67,2,149.6547761,5013.435
8/30/2020,RT - Native,0,0,0,0,0,0,1,0,0,0
8/31/2020,Brand Search - Bing,5885.8,11143,925,6.363027027,0.083011756,0.138655,238,33,24.7302521,178.3575758
8/31/2020,Brand Search - Google,94425.2194,15016,7569,12.47525689,0.504062334,0.13524,3357,454,28.12785803,207.9850648
8/31/2020,NB Search - Bing,1231.92,1770,89,13.84179775,0.050282486,0.075,40,3,30.798,410.64
8/31/2020,NB Search - Google,53546.36,102516,5596,9.568684775,0.054586601,0.082007,817,67,65.54022032,799.199403
8/31/2020,Prospecting - Discovery,0,0,0,0,0,0.666667,3,2,0,0
8/31/2020,Prospecting - Facebook,0,0,0,0,0,0,0,1,0,0
8/31/2020,Prospecting - Native,0,0,0,0,0,0,0,0,0,0
8/31/2020,Prospecting - Twitter,0,0,0,0,0,0,2,0,0,0
8/31/2020,Prospecting - YouTube,0,0,0,0,0,0,3,0,0,0
8/31/2020,RT - Discovery,592.7612,27954,316,1.875826582,0.011304286,0.1,10,1,59.27612,592.7612
8/31/2020,RT - Display,179.6609,12939,138,1.30189058,0.01066543,0,5,0,35.93218,0
8/31/2020,RT - Facebook,10253.3799,628504,1093,9.380951418,0.00173905,0.054945,91,5,112.6745044,2050.67598
9/1/2020,Brand Search - Bing,5764.85,24085,1106,5.212341772,0.045920698,0.111607,224,25,25.7359375,230.594
9/1/2020,Brand Search - Google,88112.5522,14560,7211,12.21918627,0.495260989,0.149749,3192,478,27.60418302,184.3358833
9/1/2020,NB Search - Bing,1059.99,1951,73,14.52041096,0.037416709,0.032258,31,1,34.19322581,1059.99
9/1/2020,NB Search - Google,71529.5,20536,1817,39.36681343,0.088478769,0.06823,938,64,76.25746269,1117.648438
9/1/2020,Prospecting - Discovery,8033.1609,581145,3469,2.315699308,0.00596925,0.046296,108,5,74.38111944,1606.63218
9/1/2020,Prospecting - Facebook,2022.28,122607,432,4.681203704,0.003523453,0.020134,149,3,13.57234899,674.0933333
9/1/2020,Prospecting - Native,0,0,0,0,0,0.5,2,1,0,0
9/1/2020,Prospecting - YouTube,0,0,0,0,0,0.333333,3,1,0,0
9/1/2020,RT - Discovery,3530.1248,284449,2664,1.325121922,0.009365475,0.081081,37,3,95.40877838,1176.708267
9/1/2020,RT - Display,1203.87,50663,227,5.30339207,0.004480587,0.166667,6,1,200.645,1203.87
9/1/2020,RT - Facebook,8635.5101,493900,866,9.97172067,0.001753391,0.055556,72,4,119.9376403,2158.877525
9/1/2020,RT - Native,0,0,0,0,0,0.5,2,1,0,0
9/1/2020,RT - YouTube,2239.3351,74661,393,5.69805369,0.005263792,0,0,0,0,0
9/1/2020,Smart Display,5.709,1869,11,0.519,0.0058855,0,0,0,0,0
9/2/2020,Brand Search - Bing,5730.19,33436,1200,4.775158333,0.03588946,0.136364,198,27,28.94035354,212.2292593
9/2/2020,Brand Search - Google,82698.2,13704,6856,12.06216453,0.500291886,0.132795,3095,411,26.71993538,201.2121655
9/2/2020,Monetization ,904.7698,175737,1550,0.583722452,0.008819998,0,0,0,0,0
9/2/2020,NB Search - Bing,990.29,1707,70,14.147,0.041007616,0,28,0,35.3675,0
9/2/2020,NB Search - Google,50496.35,16973,1512,33.39705688,0.089082661,0.085434,714,61,70.72317927,827.8090164
9/2/2020,Prospecting - Discovery,8689.2484,584752,4481,1.939131533,0.007663078,0,127,0,68.41927874,0
9/2/2020,Prospecting - Facebook,5037.57,320343,946,5.32512685,0.002953085,0.013986,286,4,17.61388112,1259.3925
9/2/2020,Prospecting - Native,1802.96,0,3591,0.502077416,0.002462909,0,17,0,106.0564706,0
9/2/2020,Prospecting - YouTube,0,0,0,0,0,0,5,0,0,0
9/2/2020,RT - Discovery,3941.2564,202241,1952,2.01908627,0.009651851,0.068182,44,3,89.57400909,1313.752133
9/2/2020,RT - Display,2616.67,165027,484,5.406342975,0.002932853,0.105263,19,2,137.7194737,1308.335
9/2/2020,RT - Facebook,8365.6599,508569,873,9.582657388,0.001716581,0.067568,74,5,113.0494581,1673.13198
9/2/2020,RT - Native,4.32,0,2,2.16,0.003703704,0,0,0,0,0
9/2/2020,RT - YouTube,3387.5223,91709,479,7.072071608,0.005223042,0,0,0,0,0
9/2/2020,Smart Display,3040.8947,750528,3495,0.870070014,0.004656722,0,0,0,0,0
9/3/2020,Brand Search - Bing,6112.73,34559,1227,4.981850041,0.0355045,0.161435,223,36,27.41134529,169.7980556
9/3/2020,Brand Search - Google,95703.57,14631,7516,12.7333116,0.51370378,0.163631,3239,530,29.54725841,180.5727736
9/3/2020,Monetization ,920.4,230328,1451,0.634321158,0.006299712,0,0,0,0,0
9/3/2020,NB Search - Bing,953.38,1457,64,14.8965625,0.043925875,0.136364,22,3,43.33545455,317.7933333
9/3/2020,NB Search - Google,50796.09,17740,1632,31.12505515,0.09199549,0.080255,785,63,64.7083949,806.2871429
9/3/2020,Prospecting - Discovery,7493.6879,441597,5037,1.48772839,0.011406327,0.024194,124,3,60.43296694,2497.895967
9/3/2020,Prospecting - Facebook,5802,363513,1007,5.761668322,0.00277019,0.038023,263,10,22.0608365,580.2
9/3/2020,Prospecting - Native,2130.02,0,3396,0.62721437,0.002536496,0.090909,11,1,193.6381818,2130.02
9/3/2020,Prospecting - Twitter,0,0,0,0,0,0,2,0,0,0
9/3/2020,Prospecting - YouTube,0,0,0,0,0,0,1,0,0,0
9/3/2020,RT - Discovery,3652.8121,195079,1834,1.991718702,0.009401319,0.086207,58,5,62.97951897,730.56242
9/3/2020,RT - Display,3349.72,164193,527,6.356204934,0.003209637,0.2,20,4,167.486,837.43
9/3/2020,RT - Facebook,8189.12,491228,832,9.842692308,0.001693715,0.060241,83,5,98.66409639,1637.824
9/3/2020,RT - Native,32.35,0,15,2.156666667,0.00445236,0,2,0,16.175,0
9/3/2020,RT - YouTube,3083.4456,80167,389,7.926595373,0.004852371,0,0,0,0,0
9/3/2020,Smart Display,1579.6757,345010,1182,1.336443063,0.003425988,0,1,0,1579.6757,0
9/4/2020,Brand Search - Bing,6702.45,29583,1177,5.694519966,0.039786364,0.16087,230,37,29.14108696,181.1472973
9/4/2020,Brand Search - Google,99548.7209,14820,7537,13.2080033,0.508569501,0.179043,3178,569,31.32433005,174.9538153
9/4/2020,Monetization ,907.42,141594,1439,0.630590688,0.01016286,0,0,0,0,0
9/4/2020,NB Search - Bing,870.51,1375,58,15.0087931,0.042181818,0.1,20,2,43.5255,435.255
9/4/2020,NB Search - Google,44407.7,16032,1527,29.08166339,0.095247006,0.08484,719,61,61.76314325,727.995082
9/4/2020,Prospecting - Discovery,6067.0824,410934,3908,1.552477584,0.009510043,0.045872,109,5,55.66130642,1213.41648
9/4/2020,Prospecting - Facebook,4948.87,306666,785,6.304292994,0.002559788,0.028436,211,6,23.45436019,824.8116667
9/4/2020,Prospecting - Native,2237.04,0,3414,0.655254833,0.002864719,0,15,0,149.136,0
9/4/2020,Prospecting - YouTube,0,0,0,0,0,0,5,0,0,0
9/4/2020,RT - Discovery,3366.5658,174043,1579,2.13208727,0.009072471,0.022727,44,1,76.51285909,3366.5658
9/4/2020,RT - Display,2573.43,151614,447,5.757114094,0.002948277,0.095238,21,2,122.5442857,1286.715
9/4/2020,RT - Facebook,5114.52,301243,548,9.333065693,0.001819129,0.035714,56,2,91.33071429,2557.26
9/4/2020,RT - Native,26.47,0,12,2.205833333,0.003583159,0.4,5,2,5.294,13.235
9/4/2020,RT - YouTube,2609.5578,71640,327,7.980299083,0.004564489,0,0,0,0,0
9/4/2020,Smart Display,1036.8782,396513,2227,0.465594163,0.005616462,0,2,0,518.4391,0
9/5/2020,Brand Search - Bing,2973,21531,689,4.314949202,0.032000372,0.140741,135,19,22.02222222,156.4736842
9/5/2020,Brand Search - Google,59954.3453,9186,4685,12.79708544,0.510015241,0.146673,2059,302,29.11818616,198.5243222
9/5/2020,Monetization ,896.8,150140,1371,0.65412108,0.009131477,0,0,0,0,0
9/5/2020,NB Search - Bing,410.47,822,30,13.68233333,0.03649635,0.166667,12,2,34.20583333,205.235
9/5/2020,NB Search - Google,32069.61,11115,988,32.45911943,0.088888889,0.077844,501,39,64.0111976,822.2976923
9/5/2020,Prospecting - Discovery,9857.7159,682519,5736,1.718569718,0.008404162,0,147,0,67.05929184,0
9/5/2020,Prospecting - Facebook,4152.1,234436,657,6.31978691,0.002802471,0.010582,189,2,21.96878307,2076.05
9/5/2020,Prospecting - Native,1970.32,0,3048,0.646430446,0.00337107,0,18,0,109.4622222,0
9/5/2020,Prospecting - YouTube,0,0,0,0,0,1,1,1,0,0
9/5/2020,RT - Discovery,3628.0828,209031,1963,1.848233724,0.009390952,0.081081,37,3,98.05629189,1209.360933
9/5/2020,RT - Display,3563.67,143893,568,6.274066901,0.003947378,0.037037,27,1,131.9877778,3563.67
9/5/2020,RT - Facebook,2875.85,156326,268,10.73078358,0.001714366,0.083333,24,2,119.8270833,1437.925
9/5/2020,RT - Native,21.9,0,10,2.19,0.003573981,0,0,0,0,0
9/5/2020,RT - YouTube,2709.2945,74768,403,6.722815136,0.005390006,0,0,0,0,0
9/5/2020,Smart Display,727.3319,526770,3901,0.186447552,0.007405509,0,1,0,727.3319,0
9/6/2020,Brand Search - Bing,1993.65,20154,541,3.685120148,0.026843307,0.121951,82,10,24.31280488,199.365
9/6/2020,Brand Search - Google,36189.21,6457,3209,11.27741041,0.496980022,0.095205,1460,139,24.78713014,260.3540288
9/6/2020,Monetization ,799.97,144800,1243,0.643580048,0.008584254,0,0,0,0,0
9/6/2020,NB Search - Bing,444.22,880,31,14.32967742,0.035227273,0,17,0,26.13058824,0
9/6/2020,NB Search - Google,24187,9259,778,31.08868895,0.084026353,0.040921,391,16,61.85933504,1511.6875
9/6/2020,Prospecting - Discovery,7827.7799,742162,6108,1.28156187,0.008230009,0.016667,120,2,65.23149917,3913.88995
9/6/2020,Prospecting - Facebook,3645.67,217612,579,6.296493955,0.002660699,0.023669,169,4,21.57201183,911.4175
9/6/2020,Prospecting - Native,1973,0,2978,0.662525185,0.0037514,0,19,0,103.8421053,0
9/6/2020,Prospecting - Twitter,0,0,0,0,0,0,1,0,0,0
9/6/2020,Prospecting - YouTube,0,0,0,0,0,0,3,0,0,0
9/6/2020,RT - Discovery,3577.2896,256263,2385,1.499911782,0.009306845,0,31,0,115.3964387,0
9/6/2020,RT - Display,2968.53,134319,515,5.764135922,0.003834156,0.076923,13,1,228.3484615,2968.53
9/6/2020,RT - Facebook,2904.67,161353,263,11.04437262,0.001629967,0.045455,44,2,66.01522727,1452.335
9/6/2020,RT - Native,15.74,0,9,1.748888889,0.003353204,0,0,0,0,0
9/6/2020,RT - YouTube,2097.4865,55718,326,6.434007669,0.005850892,0,0,0,0,0
9/6/2020,Smart Display,462.4529,236659,2142,0.215897712,0.009050997,0,4,0,115.613225,0
9/7/2020,Brand Search - Bing,3090.4,21244,682,4.531378299,0.032103182,0.161017,118,19,26.18983051,162.6526316
9/7/2020,Brand Search - Google,48494.64,8039,4004,12.11154845,0.498071899,0.083474,1773,148,27.35174281,327.6664865
9/7/2020,Monetization ,751.25,138058,1222,0.614770867,0.008851352,0,0,0,0,0
9/7/2020,NB Search - Bing,322.53,1019,23,14.02304348,0.022571148,0.111111,9,1,35.83666667,322.53
9/7/2020,NB Search - Google,30546.76,10971,973,31.39440904,0.08868836,0.046784,513,24,59.54534113,1272.781667
9/7/2020,Prospecting - Discovery,7506.3695,520229,4925,1.524135939,0.009466985,0.034247,146,5,51.41348973,1501.2739
9/7/2020,Prospecting - Facebook,3606.53,202755,554,6.509981949,0.002732362,0.011765,170,2,21.21488235,1803.265
9/7/2020,Prospecting - Native,2149.04,0,3270,0.657198777,0.004266501,0,15,0,143.2693333,0
9/7/2020,Prospecting - Twitter,0,0,0,0,0,0,1,0,0,0
9/7/2020,Prospecting - YouTube,0,0,0,0,0,0,3,0,0,0
9/7/2020,RT - Discovery,3449.7548,202402,1779,1.939153907,0.008789439,0,26,0,132.6828769,0
9/7/2020,RT - Display,3206.04,135271,504,6.361190476,0.003725854,0.04,25,1,128.2416,3206.04
9/7/2020,RT - Facebook,2922.7501,159967,295,9.907627458,0.00184413,0,28,0,104.3839321,0
9/7/2020,RT - Native,17.69,0,8,2.21125,0.002961866,0,2,0,8.845,0
9/7/2020,RT - YouTube,1800.0042,47604,269,6.691465428,0.005650786,0,0,0,0,0
9/7/2020,Smart Display,402.3001,145771,1290,0.311860543,0.008849497,0,0,0,0,0
9/8/2020,Brand Search - Bing,6103.63,27753,1138,5.363471002,0.041004576,0.111588,233,26,26.19583691,234.755
9/8/2020,Brand Search - Google,83545.015,14660,6994,11.94524092,0.477080491,0.141065,2949,416,28.32994744,200.829363
9/8/2020,Monetization ,810,155620,1254,0.645933014,0.00805809,0,0,0,0,0
9/8/2020,NB Search - Bing,1101.49,1873,82,13.43280488,0.043780032,0.090909,33,3,33.37848485,367.1633333
9/8/2020,NB Search - Google,51952.46,18138,1691,30.72292135,0.093229684,0.077586,812,63,63.98086207,824.6422222
9/8/2020,Prospecting - Discovery,8529.0383,556875,5157,1.653875955,0.009260606,0.042254,142,6,60.06365,1421.506383
9/8/2020,Prospecting - Facebook,4401.99,247506,653,6.741179173,0.00263832,0.036082,194,7,22.6906701,628.8557143
9/8/2020,Prospecting - Native,2435.08,0,3187,0.76406652,0.003106753,0,18,0,135.2822222,0
9/8/2020,Prospecting - Twitter,0,0,0,0,0,0,1,0,0,0
9/8/2020,Prospecting - YouTube,48264.387,6933461,10577,4.563145221,0.001525501,0.5,4,2,12066.09675,24132.1935
9/8/2020,RT - Discovery,3930.117,159840,1505,2.611373422,0.009415666,0.025,40,1,98.252925,3930.117
9/8/2020,RT - Display,4227.22,170347,520,8.129269231,0.003052593,0.08,25,2,169.0888,2113.61
9/8/2020,RT - Facebook,2984.25,163563,253,11.79545455,0.001546805,0.068966,29,2,102.9051724,1492.125
9/8/2020,RT - Native,23.19,0,14,1.656428571,0.003813675,0,0,0,0,0
9/8/2020,RT - YouTube,1940.0034,57682,289,6.712814533,0.005010228,0,0,0,0,0
9/8/2020,Smart Display,2003.8237,922946,7931,0.25265713,0.008593135,0,3,0,667.9412333,0
9/9/2020,Brand Search - Bing,6486.14,30105,1170,5.543709402,0.038863976,0.134021,194,26,33.43371134,249.4669231
9/9/2020,Brand Search - Google,80980.28,13768,6461,12.53370686,0.469276583,0.136706,2787,381,29.05643344,212.5466667
9/9/2020,Monetization ,810.28,144797,1348,0.601097923,0.009309585,0,0,0,0,0
9/9/2020,NB Search - Bing,1321.05,1869,94,14.0537234,0.050294275,0.035714,28,1,47.18035714,1321.05
9/9/2020,NB Search - Google,50555.91,17729,1622,31.16887176,0.091488522,0.052885,832,44,60.7643149,1148.997955
9/9/2020,Prospecting - Discovery,8686.1617,726357,5924,1.466266323,0.008155769,0.047945,146,7,59.49425822,1240.880243
9/9/2020,Prospecting - Facebook,4288,283543,785,5.462420382,0.00276854,0,240,0,17.86666667,0
9/9/2020,Prospecting - Native,3664.2,0,4135,0.886142684,0.002455192,0.032258,31,1,118.2,3664.2
9/9/2020,Prospecting - Twitter,0,0,0,0,0,0,1,0,0,0
9/9/2020,Prospecting - YouTube,30511.8057,4260290,7250,4.208524924,0.001701762,0,0,0,0,0
9/9/2020,RT - Discovery,4082.9159,216476,1942,2.102428373,0.008970971,0.073171,41,3,99.58331463,1360.971967
9/9/2020,RT - Display,3328.62,171637,499,6.670581162,0.002907299,0.041667,24,1,138.6925,3328.62
9/9/2020,RT - Facebook,2979.95,164632,275,10.83618182,0.001670392,0.021739,46,1,64.78152174,2979.95
9/9/2020,RT - Native,32.03,0,16,2.001875,0.003901487,0,3,0,10.67666667,0
9/9/2020,RT - YouTube,1952.8724,59445,300,6.509574667,0.005046682,0,0,0,0,0
9/9/2020,Smart Display,723.5724,421908,3566,0.202908693,0.00845208,0,4,0,180.8931,0
9/10/2020,Brand Search - Bing,6666.08,28651,1083,6.155198523,0.037799728,0.108911,202,22,33.00039604,303.0036364
9/10/2020,Brand Search - Google,90915.69,13644,6825,13.32098022,0.500219877,0.128764,2889,372,31.4696054,244.3970161
9/10/2020,Monetization ,775.18,159533,1146,0.676422339,0.007183467,0,0,0,0,0
9/10/2020,NB Search - Bing,890.98,1525,61,14.60622951,0.04,0.066667,30,2,29.69933333,445.49
9/10/2020,NB Search - Google,52527.87,17487,1668,31.49152878,0.095385143,0.06502,769,50,68.30672302,1050.5574
9/10/2020,Prospecting - Discovery,8094.1352,766470,6010,1.346777903,0.007841142,0.05042,119,6,68.01794286,1349.022533
9/10/2020,Prospecting - Facebook,5351.05,374598,875,6.115485714,0.002335837,0.017467,229,4,23.36703057,1337.7625
9/10/2020,Prospecting - Native,4015.19,0,4837,0.830099235,0.002217254,0,25,0,160.6076,0
9/10/2020,Prospecting - YouTube,0,0,0,0,0,0,1,0,0,0
9/10/2020,RT - Discovery,3891.9962,188771,1783,2.182835782,0.009445307,0.08,50,4,77.839924,972.99905
9/10/2020,RT - Display,2390.02,180056,512,4.668007813,0.00284356,0,26,0,91.92384615,0
9/10/2020,RT - Facebook,3017.93,161759,299,10.09341137,0.001848429,0.113636,44,5,68.58931818,603.586
9/10/2020,RT - Native,29.96,0,16,1.8725,0.00334728,0.333333,3,1,9.986666667,29.96
9/10/2020,RT - YouTube,2146.3394,63641,315,6.813775873,0.004949639,0,0,0,0,0
9/10/2020,Smart Display,1623.3421,839529,6913,0.234824548,0.008234379,0,0,0,0,0
9/11/2020,Brand Search - Bing,6446.86,22645,1051,6.134024738,0.046412011,0.110048,209,23,30.8462201,280.2982609
9/11/2020,Brand Search - Google,90964.42,13982,7000,12.99491714,0.500643685,0.172541,2979,514,30.53521987,176.9735798
9/11/2020,Monetization ,828,131116,1167,0.709511568,0.008900516,0,0,0,0,0
9/11/2020,NB Search - Bing,726.82,1188,56,12.97892857,0.047138047,0.058824,17,1,42.75411765,726.82
9/11/2020,NB Search - Google,50961.87,16235,1586,32.13232661,0.097690176,0.07723,751,58,67.85868176,878.652931
9/11/2020,Prospecting - Discovery,7743.1173,643232,5386,1.43763782,0.00837334,0.028777,139,4,55.70587986,1935.779325
9/11/2020,Prospecting - Facebook,5829.05,378348,951,6.129390116,0.002513559,0.012195,246,3,23.6953252,1943.016667
9/11/2020,Prospecting - Native,3080.31,0,4298,0.716684504,0.003068989,0.076923,26,2,118.4734615,1540.155
9/11/2020,Prospecting - YouTube,96092.4564,13183480,21209,4.530739611,0.001608756,0,3,0,32030.8188,0
9/11/2020,RT - Discovery,3391.74,154532,1482,2.288623482,0.009590247,0.095238,42,4,80.75571429,847.935
9/11/2020,RT - Display,3397.01,178846,550,6.176381818,0.003075271,0.095238,21,2,161.762381,1698.505
9/11/2020,RT - Facebook,3673.5999,180630,308,11.9272724,0.001705143,0.044444,45,2,81.63555333,1836.79995
9/11/2020,RT - Native,9.59,0,8,1.19875,0.001880583,0,3,0,3.196666667,0
9/11/2020,RT - YouTube,2321.4592,69295,327,7.099263609,0.004718955,0,0,0,0,0
9/11/2020,Smart Display,1011.3975,543863,4934,0.204985306,0.009072138,0,1,0,1011.3975,0
9/12/2020,Brand Search - Bing,3256.73,26733,728,4.47353022,0.02723226,0.170213,141,24,23.09737589,135.6970833
9/12/2020,Brand Search - Google,59075.4944,8977,4570,12.92680403,0.509078757,0.12703,2094,266,28.21179293,222.0883248
9/12/2020,Monetization ,817.37,119598,1253,0.652330407,0.010476764,0,0,0,0,0
9/12/2020,NB Search - Bing,394.38,776,31,12.72193548,0.039948454,0.153846,13,2,30.33692308,197.19
9/12/2020,NB Search - Google,34487.07,11340,1058,32.59647448,0.09329806,0.06679,539,36,63.98343228,957.9741667
9/12/2020,Prospecting - Discovery,6687.2755,521179,4190,1.596008473,0.008039464,0.016949,118,2,56.67182627,3343.63775
9/12/2020,Prospecting - Facebook,5776.32,385367,942,6.131974522,0.002444423,0.004762,210,1,27.50628571,5776.32
9/12/2020,Prospecting - Native,2234.09,0,4006,0.557685971,0.003953857,0,26,0,85.92653846,0
9/12/2020,Prospecting - Twitter,0,0,0,0,0,0,2,0,0,0
9/12/2020,Prospecting - YouTube,96783.2966,14224454,23845,4.05885077,0.001676339,0,3,0,32261.09887,0
9/12/2020,RT - Discovery,3132.9877,126733,1174,2.668643697,0.00926357,0.107143,28,3,111.8924179,1044.329233
9/12/2020,RT - Display,3064.44,151002,613,4.99908646,0.004059549,0.181818,22,4,139.2927273,766.11
9/12/2020,RT - Facebook,4343.07,206593,372,11.67491935,0.001800642,0,40,0,108.57675,0
9/12/2020,RT - Native,15.75,0,7,2.25,0.002432245,0,1,0,15.75,0
9/12/2020,RT - YouTube,2582.9957,73574,412,6.269407039,0.005599804,0,0,0,0,0
9/12/2020,Smart Display,698.0085,232518,2252,0.309950488,0.009685272,0,2,0,349.00425,0
9/13/2020,Brand Search - Bing,3031.1,25873,684,4.431432749,0.026436826,0.087591,137,12,22.12481752,252.5916667
9/13/2020,Brand Search - Google,40656.87,7212,3435,11.83606114,0.476289517,0.090909,1650,150,24.64052727,271.0458
9/13/2020,Monetization ,798.83,114504,1408,0.567350852,0.012296514,0,0,0,0,0
9/13/2020,NB Search - Bing,679.97,777,45,15.11044444,0.057915058,0.05,20,1,33.9985,679.97
9/13/2020,NB Search - Google,30674.94,10365,967,31.72175801,0.093294742,0.041152,486,20,63.11716049,1533.747
9/13/2020,Prospecting - Discovery,6286.9807,663593,4608,1.364362131,0.006944015,0.018182,110,2,57.15437,3143.49035
9/13/2020,Prospecting - Facebook,5147.45,338311,889,5.79015748,0.00262776,0.004878,205,1,25.1095122,5147.45
9/13/2020,Prospecting - Native,2714.15,0,6159,0.440680305,0.004555881,0,9,0,301.5722222,0
9/13/2020,Prospecting - Twitter,0,0,0,0,0,0,1,0,0,0
9/13/2020,Prospecting - YouTube,96361.6481,13585573,24219,3.978762463,0.0017827,0,3,0,32120.54937,0
9/13/2020,RT - Discovery,3269.9917,175651,1521,2.149895924,0.008659216,0.026316,38,1,86.05241316,3269.9917
9/13/2020,RT - Display,2386.15,165182,568,4.20096831,0.003438631,0,18,0,132.5638889,0
9/13/2020,RT - Facebook,3938.84,205738,338,11.65337278,0.001642866,0,48,0,82.05916667,0
9/13/2020,RT - Native,41.46,0,15,2.764,0.004072767,0,1,0,41.46,0
9/13/2020,RT - YouTube,2721.1847,73193,421,6.463621615,0.005751916,0,0,0,0,0
9/13/2020,Smart Display,402.286,287051,2114,0.190296121,0.007364545,0,1,0,402.286,0
9/14/2020,Brand Search - Bing,5803.31,35693,1207,4.808044739,0.033816154,0.156425,179,28,32.42072626,207.2610714
9/14/2020,Brand Search - Google,85999.8825,14213,6798,12.65076236,0.478294519,0.135145,2871,388,29.95467868,221.6491817
9/14/2020,Monetization ,771.8799,114452,1194,0.646465578,0.010432321,0,0,0,0,0
9/14/2020,NB Search - Bing,934.96,1477,69,13.55014493,0.046716317,0,25,0,37.3984,0
9/14/2020,NB Search - Google,50738.67,17301,1570,32.3176242,0.0907462,0.06096,771,47,65.80891051,1079.54617
9/14/2020,Prospecting - Discovery,7704.8026,523376,3694,2.085761397,0.007058023,0.020833,144,3,53.50557361,2568.267533
9/14/2020,Prospecting - Facebook,5453.03,320242,854,6.38528103,0.002666733,0.013393,224,3,24.34388393,1817.676667
9/14/2020,Prospecting - Native,3412.38,0,14884,0.229264983,0.006899343,0.038462,26,1,131.2453846,3412.38
9/14/2020,Prospecting - YouTube,51694.8526,7164479,12814,4.034247901,0.001788546,0.333333,3,1,17231.61753,51694.8526
9/14/2020,RT - Discovery,3332.2846,156439,1355,2.459250627,0.008661523,0.0625,48,3,69.42259583,1110.761533
9/14/2020,RT - Display,3561.58,173369,561,6.348627451,0.003235873,0.041667,24,1,148.3991667,3561.58
9/14/2020,RT - Facebook,3841.96,199571,354,10.85299435,0.001773805,0.04878,41,2,93.70634146,1920.98
9/14/2020,RT - Native,48.55,0,18,2.697222222,0.003733665,0,1,0,48.55,0
9/14/2020,RT - YouTube,2568.2394,65547,336,7.643569643,0.005126093,0,0,0,0,0
9/14/2020,Smart Display,1884.5676,815591,5433,0.346874213,0.006661427,0,3,0,628.1892,0
9/15/2020,Brand Search - Bing,5610.66,28277,1256,4.467085987,0.044417725,0.119565,184,22,30.49271739,255.03
9/15/2020,Brand Search - Google,77962.4434,13330,5998,12.99807326,0.449962491,0.126793,2579,327,30.22971826,238.4172581
9/15/2020,Monetization ,803.16,94280,990,0.811272727,0.010500636,0,0,0,0,0
9/15/2020,NB Search - Bing,1237.25,1565,85,14.55588235,0.054313099,0.125,32,4,38.6640625,309.3125
9/15/2020,NB Search - Google,55918.65,18183,1635,34.20100917,0.089919155,0.075325,770,58,72.62162338,964.1146552
9/15/2020,Prospecting - Discovery,5364.5397,507491,3039,1.765231885,0.005988284,0.04,100,4,53.645397,1341.134925
9/15/2020,Prospecting - Facebook,5722.5799,309023,894,6.401096085,0.002892989,0.013333,225,3,25.43368844,1907.526633
9/15/2020,Prospecting - Native,4091.09,0,17766,0.230276371,0.007124699,0.133333,15,2,272.7393333,2045.545
9/15/2020,Prospecting - Twitter,0,0,0,0,0,0,2,0,0,0
9/15/2020,Prospecting - YouTube,52398.1361,6816218,12759,4.106758845,0.001871859,0,2,0,26199.06805,0
9/15/2020,RT - Discovery,3066.2138,131851,1084,2.828610517,0.008221401,0.037037,27,1,113.5634741,3066.2138
9/15/2020,RT - Display,3224.26,190734,511,6.309706458,0.002679124,0.24,25,6,128.9704,537.3766667
9/15/2020,RT - Facebook,3709.82,176825,333,11.1406006,0.001883218,0.076923,39,3,95.12358974,1236.606667
9/15/2020,RT - Native,50.58,0,17,2.975294118,0.003664583,0,1,0,50.58,0
9/15/2020,RT - YouTube,2756.397,70551,415,6.641920482,0.00588227,0,0,0,0,0
9/15/2020,Smart Display,1247.4104,497987,4022,0.310146793,0.008076516,0.333333,3,1,415.8034667,1247.4104
9/16/2020,Brand Search - Bing,5469.07,13121,781,7.002650448,0.059522902,0.115385,182,21,30.04983516,260.4319048
9/16/2020,Brand Search - Google,76320.13,12601,5802,13.1541072,0.460439648,0.128693,2471,318,30.88633347,240.0004088
9/16/2020,Monetization ,793.3999,64463,1524,0.520603609,0.023641469,0,0,0,0,0
9/16/2020,NB Search - Bing,889.17,1544,55,16.16672727,0.035621762,0,26,0,34.19884615,0
9/16/2020,NB Search - Google,60777.2,17658,1662,36.56871239,0.094121645,0.067688,783,53,77.62094508,1146.739623
9/16/2020,Prospecting - Discovery,6816.1393,607003,4302,1.584411739,0.00708728,0.020408,98,2,69.55244184,3408.06965
9/16/2020,Prospecting - Facebook,5518.9201,322546,933,5.915241265,0.002892611,0.015444,259,4,21.30857181,1379.730025
9/16/2020,Prospecting - Native,4505.64,0,15229,0.295859216,0.006938101,0.037037,27,1,166.8755556,4505.64
9/16/2020,Prospecting - Twitter,0,0,0,0,0,0,1,0,0,0
9/16/2020,Prospecting - YouTube,51347.4652,6816684,13532,3.794521519,0.001985129,0,0,0,0,0
9/16/2020,RT - Discovery,3130.0862,164563,1438,2.176694159,0.008738295,0.147059,34,5,92.06135882,626.01724
9/16/2020,RT - Display,4488.62,169479,516,8.698875969,0.003044625,0.08,25,2,179.5448,2244.31
9/16/2020,RT - Facebook,4044.9999,200949,406,9.963053941,0.002020413,0.022222,45,1,89.88888667,4044.9999
9/16/2020,RT - Native,74.49,0,22,3.385909091,0.004281822,0,1,0,74.49,0
9/16/2020,RT - YouTube,2900.6872,73813,438,6.622573516,0.005933914,0,0,0,0,0
9/16/2020,Smart Display,111.5257,62437,757,0.147325892,0.012124221,0,0,0,0,0
9/17/2020,Brand Search - Bing,6366.11,20838,1164,5.469166667,0.055859487,0.14554,213,31,29.88784038,205.3583871
9/17/2020,Brand Search - Google,91359.99,13665,6648,13.74247744,0.486498353,0.162192,2682,435,34.06412752,210.0229655
9/17/2020,Monetization ,782.45,120842,1205,0.6493361,0.009971699,0,0,0,0,0
9/17/2020,NB Search - Bing,868.5,1524,60,14.475,0.039370079,0,21,0,41.35714286,0
9/17/2020,NB Search - Google,69095.7,18712,1823,37.90219419,0.097424113,0.067816,870,59,79.42034483,1171.113559
9/17/2020,Prospecting - Discovery,7465.9435,474871,4315,1.730230243,0.009086678,0.029412,102,3,73.19552451,2488.647833
9/17/2020,Prospecting - Facebook,5674.0398,333421,916,6.194366594,0.002747277,0.013274,226,3,25.1063708,1891.3466
9/17/2020,Prospecting - Native,3267.58,0,3918,0.833991833,0.003375177,0.2,15,3,217.8386667,1089.193333
9/17/2020,Prospecting - Twitter,0,0,0,0,0,0,2,0,0,0
9/17/2020,Prospecting - YouTube,53151.9974,6789573,13845,3.839075291,0.002039156,0,3,0,17717.33247,0
9/17/2020,RT - Discovery,3483.9232,154666,1426,2.443143899,0.009219867,0.09375,32,3,108.8726,1161.307733
9/17/2020,RT - Display,2746.57,178606,523,5.251567878,0.002928233,0.1,20,2,137.3285,1373.285
9/17/2020,RT - Facebook,4078.82,181897,352,11.58755682,0.001935161,0.073171,41,3,99.48341463,1359.606667
9/17/2020,RT - Native,86.97,0,27,3.221111111,0.005012997,0,3,0,28.99,0
9/17/2020,RT - YouTube,3351.1952,76454,455,7.365264176,0.005951291,0,0,0,0,0
9/17/2020,Smart Display,269.6702,58474,492,0.548110163,0.008413996,0,2,0,134.8351,0
9/18/2020,Brand Search - Bing,5840.58,14840,956,6.109393305,0.064420485,0.168605,172,29,33.95686047,201.3993103
9/18/2020,Brand Search - Google,94285.8966,14116,6886,13.69240439,0.487815245,0.183636,2750,505,34.28578058,186.7047457
9/18/2020,Monetization ,787.67,88279,1404,0.561018519,0.015904122,0,0,0,0,0
9/18/2020,NB Search - Bing,657.89,1383,50,13.1578,0.03615329,0,14,0,46.99214286,0
9/18/2020,NB Search - Google,60993.06,17361,1673,36.45729827,0.096365417,0.075,840,63,72.61078571,968.1438095
9/18/2020,Prospecting - Discovery,5426.403,589337,4203,1.291078515,0.007131743,0.106667,75,8,72.35204,678.300375
9/18/2020,Prospecting - Facebook,5875.37,341770,821,7.1563581,0.0024022,0.021739,184,4,31.9313587,1468.8425
9/18/2020,Prospecting - Native,3152.94,0,3416,0.922991803,0.003002813,0.142857,21,3,150.14,1050.98
9/18/2020,Prospecting - YouTube,53391.5173,6883712,13266,4.024688474,0.001927158,0,2,0,26695.75865,0
9/18/2020,RT - Discovery,2675.3856,129366,1191,2.246335516,0.009206438,0.16,25,4,107.015424,668.8464
9/18/2020,RT - Display,2455.2,168787,500,4.9104,0.002962313,0.117647,17,2,144.4235294,1227.6
9/18/2020,RT - Facebook,4444.17,201910,354,12.55415254,0.001753256,0.026316,38,1,116.9518421,4444.17
9/18/2020,RT - Native,44.05,0,12,3.670833333,0.002301937,0,4,0,11.0125,0
9/18/2020,RT - YouTube,3376.7311,76016,438,7.709431735,0.005761945,0,0,0,0,0
9/18/2020,Smart Display,2042.0704,671612,3989,0.511925395,0.005939441,0.333333,3,1,680.6901333,2042.0704
9/19/2020,Brand Search - Bing,3255.41,9854,591,5.508307953,0.059975644,0.108527,129,14,25.23573643,232.5292857
9/19/2020,Brand Search - Google,56844.6,8631,4352,13.06171875,0.504228942,0.144737,1976,286,28.76751012,198.7573427
9/19/2020,Monetization ,821.41,96861,1128,0.728200355,0.011645554,0,0,0,0,0
9/19/2020,NB Search - Bing,368.92,857,27,13.6637037,0.031505251,0,16,0,23.0575,0
9/19/2020,NB Search - Google,37503.07,10836,1045,35.88810526,0.0964378,0.091562,557,51,67.33046679,735.3543137
9/19/2020,Prospecting - Discovery,5555.0897,427198,2958,1.877988404,0.00692419,0.010309,97,1,57.26896598,5555.0897
9/19/2020,Prospecting - Facebook,6281.73,387959,915,6.865278689,0.002358497,0.0181,221,4,28.42411765,1570.4325
9/19/2020,Prospecting - Native,2093.62,0,2283,0.917047744,0.003326694,0.111111,9,1,232.6244444,2093.62
9/19/2020,Prospecting - YouTube,54199.0989,6991391,12900,4.201480535,0.001845126,0,0,0,0,0
9/19/2020,RT - Discovery,2827.6302,168560,1492,1.895194504,0.008851448,0,31,0,91.21387742,0
9/19/2020,RT - Display,4078.41,143116,541,7.538650647,0.00378015,0.037037,27,1,151.0522222,4078.41
9/19/2020,RT - Facebook,4651.52,216279,389,11.95763496,0.001798603,0.021277,47,1,98.96851064,4651.52
9/19/2020,RT - Native,24.3,0,7,3.471428571,0.002065506,0,0,0,0,0
9/19/2020,RT - YouTube,3217.9962,73699,398,8.085417588,0.005400345,0,0,0,0,0
9/19/2020,Smart Display,1424.6818,588411,3624,0.393124117,0.00615896,0,0,0,0,0
9/20/2020,Brand Search - Bing,3216.53,20784,836,3.847523923,0.040223249,0.145833,96,14,33.50552083,229.7521429
9/20/2020,Brand Search - Google,40566.12,6906,3455,11.74127931,0.500289603,0.100872,1606,162,25.25910336,250.4081481
9/20/2020,Monetization ,795.72,103684,1213,0.655993405,0.011699009,0,0,0,0,0
9/20/2020,NB Search - Bing,402.77,766,31,12.99258065,0.040469974,0.083333,12,1,33.56416667,402.77
9/20/2020,NB Search - Google,34005.48,9959,924,36.80246753,0.0927804,0.053803,539,29,63.08994434,1172.602759
9/20/2020,Prospecting - Discovery,5798.5778,652807,4200,1.380613762,0.006433755,0.034483,87,3,66.65031954,1932.859267
9/20/2020,Prospecting - Facebook,5383.1,337314,819,6.572771673,0.002428005,0.015544,193,3,27.89170984,1794.366667
9/20/2020,Prospecting - Native,2393.36,0,4009,0.596996757,0.003951066,0.083333,12,1,199.4466667,2393.36
9/20/2020,Prospecting - Twitter,0,0,0,0,0,0,2,0,0,0
9/20/2020,Prospecting - YouTube,54827.5138,7038315,13030,4.207790775,0.001851295,0.2,5,1,10965.50276,54827.5138
9/20/2020,RT - Discovery,2677.7633,150422,1242,2.156009098,0.008256771,0.086957,23,2,116.4244913,1338.88165
9/20/2020,RT - Display,3058.91,152491,545,5.612678899,0.003573981,0.066667,15,1,203.9273333,3058.91
9/20/2020,RT - Facebook,3893.85,192989,318,12.24481132,0.001647762,0.020833,48,1,81.121875,3893.85
9/20/2020,RT - Native,35.2,0,9,3.911111111,0.002749771,0,0,0,0,0
9/20/2020,RT - YouTube,2935.7063,69973,366,8.021055464,0.005230589,0,0,0,0,0
9/20/2020,Smart Display,1188.104,602647,4710,0.25225138,0.007815521,0,0,0,0,0
9/21/2020,Brand Search - Bing,5490.3,18160,1185,4.633164557,0.065253304,0.096774,186,18,29.51774194,305.0166667
9/21/2020,Brand Search - Google,85230.7132,13783,6516,13.08021995,0.472756294,0.135421,2651,359,32.15040106,237.4114574
9/21/2020,Monetization ,801.23,73697,1316,0.608837386,0.017856901,0,0,0,0,0
9/21/2020,NB Search - Bing,871.15,1764,66,13.19924242,0.037414966,0.095238,21,2,41.48333333,435.575
9/21/2020,NB Search - Google,64252.14,19232,1742,36.8841217,0.090578203,0.050056,899,45,71.47067853,1427.825333
9/21/2020,Prospecting - Discovery,5876.7489,362858,2704,2.173353883,0.007451951,0.029412,102,3,57.61518529,1958.9163
9/21/2020,Prospecting - Facebook,5478.38,309256,776,7.059768041,0.002509248,0.013825,217,3,25.24599078,1826.126667
9/21/2020,Prospecting - Native,3056.41,0,3513,0.870028466,0.004104845,0,10,0,305.641,0
9/21/2020,Prospecting - Twitter,0,0,0,0,0,0,1,0,0,0
9/21/2020,Prospecting - YouTube,0,0,0,0,0,0,2,0,0,0
9/21/2020,RT - Discovery,3171.5591,104915,909,3.489063916,0.008664157,0.054054,37,2,85.71781351,1585.77955
9/21/2020,RT - Display,2736.48,156747,491,5.573279022,0.003132436,0.041667,24,1,114.02,2736.48
9/21/2020,RT - Facebook,3858.62,178443,325,11.87267692,0.00182131,0,25,0,154.3448,0
9/21/2020,RT - Native,41.25,0,10,4.125,0.002214349,0,4,0,10.3125,0
9/21/2020,RT - YouTube,2651.2628,62903,399,6.644768922,0.0063431,0,0,0,0,0
9/21/2020,Smart Display,1188.2926,328704,2892,0.410889557,0.008798189,0,0,0,0,0
9/22/2020,Brand Search - Bing,5430.11,22755,1093,4.968078683,0.048033399,0.122807,171,21,31.75502924,258.5766667
9/22/2020,Brand Search - Google,80624.327,12945,6216,12.97045158,0.4801854,0.139326,2670,372,30.19637715,216.7320618
9/22/2020,Monetization ,801.53,114246,1257,0.637653142,0.011002573,0,0,0,0,0
9/22/2020,NB Search - Bing,1230.29,1758,91,13.51967033,0.051763367,0.03125,32,1,38.4465625,1230.29
9/22/2020,NB Search - Google,69448.86,18701,1861,37.31803332,0.099513395,0.070588,935,66,74.27685561,1052.255455
9/22/2020,Prospecting - Discovery,4247.717,266742,1896,2.240357068,0.007107992,0.076923,78,6,54.45791026,707.9528333
9/22/2020,Prospecting - Facebook,5429.1898,282381,723,7.509252835,0.002560371,0.005587,179,1,30.33066927,5429.1898
9/22/2020,Prospecting - Native,2723.27,0,4264,0.638665572,0.003740728,0.066667,15,1,181.5513333,2723.27
9/22/2020,Prospecting - Twitter,0,0,0,0,0,0.5,2,1,0,0
9/22/2020,Prospecting - YouTube,0,0,0,0,0,0.428571,7,3,0,0
9/22/2020,RT - Discovery,2644.8026,101809,872,3.033030505,0.008565058,0.066667,30,2,88.16008667,1322.4013
9/22/2020,RT - Display,3113.28,172401,513,6.06877193,0.002975621,0.111111,18,2,172.96,1556.64
9/22/2020,RT - Facebook,3435.71,139444,280,12.27039286,0.002007975,0,30,0,114.5236667,0
9/22/2020,RT - Native,51.77,0,12,4.314166667,0.002498959,0,2,0,25.885,0
9/22/2020,RT - YouTube,2511.9991,61565,320,7.849997188,0.005197758,0,0,0,0,0
9/22/2020,Smart Display,304.9463,70496,569,0.535933743,0.00807138,0,2,0,152.47315,0
9/23/2020,Brand Search - Bing,5390.17,13730,880,6.125193182,0.064093227,0.145161,186,27,28.9794086,199.6359259
9/23/2020,Brand Search - Google,75753,12372,5914,12.80909706,0.478014872,0.129795,2581,335,29.35025184,226.1283582
9/23/2020,Monetization ,774.59,59929,1170,0.662042735,0.019523102,0,0,0,0,0
9/23/2020,NB Search - Bing,964.34,1417,63,15.30698413,0.044460127,0.115385,26,3,37.09,321.4466667
9/23/2020,NB Search - Google,60390.42,17685,1673,36.09708308,0.094599943,0.055359,849,47,71.13123675,1284.902553
9/23/2020,Prospecting - Discovery,7351.9022,521582,2822,2.605209851,0.005410463,0.035398,113,4,65.06108142,1837.97555
9/23/2020,Prospecting - Facebook,5463.1,317599,798,6.845989975,0.002512602,0.02139,187,4,29.2144385,1365.775
9/23/2020,Prospecting - Native,3450.62,0,6352,0.543233627,0.003590388,0.066667,15,1,230.0413333,3450.62
9/23/2020,Prospecting - Twitter,0,0,0,0,0,0,3,0,0,0
9/23/2020,Prospecting - YouTube,0,0,0,0,0,0,7,0,0,0
9/23/2020,RT - Discovery,3430.3055,121387,892,3.845633969,0.007348398,0.073171,41,3,83.6659878,1143.435167
9/23/2020,RT - Display,3423.08,165323,562,6.09088968,0.003399406,0.24,25,6,136.9232,570.5133333
9/23/2020,RT - Facebook,3399.59,132556,244,13.9327459,0.001840731,0.041667,24,1,141.6495833,3399.59
9/23/2020,RT - Native,82.92,0,24,3.455,0.004473439,0.166667,6,1,13.82,82.92
9/23/2020,RT - YouTube,2322.8165,56874,320,7.258801563,0.005626473,0,0,0,0,0
9/23/2020,Smart Display,605.5762,166384,1308,0.462978746,0.007861333,0.4,5,2,121.11524,302.7881
9/24/2020,Brand Search - Bing,6475.45,14725,986,6.567393509,0.066960951,0.163462,208,34,31.13197115,190.4544118
9/24/2020,Brand Search - Google,88478.8275,13104,6415,13.79249065,0.489545177,0.142757,2858,408,30.95830213,216.8598713
9/24/2020,Monetization ,783.94,97246,968,0.809855372,0.009954137,0,0,0,0,0
9/24/2020,NB Search - Bing,987.56,1457,72,13.71611111,0.049416609,0.1,30,3,32.91866667,329.1866667
9/24/2020,NB Search - Google,66451.38,17104,1757,37.82093341,0.102724509,0.074627,871,65,76.29320321,1022.328923
9/24/2020,Prospecting - Discovery,6039.6458,394604,2203,2.741555061,0.005582812,0.052632,95,5,63.57521895,1207.92916
9/24/2020,Prospecting - Facebook,5452.56,321697,776,7.026494845,0.002412208,0.016216,185,3,29.4732973,1817.52
9/24/2020,Prospecting - Native,4198.93,0,6395,0.656595778,0.004483462,0.136364,22,3,190.8604545,1399.643333
9/24/2020,Prospecting - Twitter,0,0,0,0,0,0,3,0,0,0
9/24/2020,Prospecting - YouTube,0,0,0,0,0,0,4,0,0,0
9/24/2020,RT - Discovery,3182.0078,128073,973,3.270306064,0.00759723,0.16129,31,5,102.6454129,636.40156
9/24/2020,RT - Display,3209.88,146230,435,7.379034483,0.002974766,0.142857,21,3,152.8514286,1069.96
9/24/2020,RT - Facebook,3364.9996,125571,268,12.55596866,0.002134251,0.075,40,3,84.12499,1121.666533
9/24/2020,RT - Native,32.4,0,10,3.24,0.002159827,0,2,0,16.2,0
9/24/2020,RT - YouTube,2433.9083,58796,270,9.014475185,0.004592149,0,0,0,0,0
9/24/2020,Smart Display,1698.4701,454598,2918,0.582066518,0.006418858,0.333333,3,1,566.1567,1698.4701
9/25/2020,Brand Search - Bing,5761.12,10944,886,6.502392777,0.080957602,0.134328,201,27,28.66228856,213.3748148
9/25/2020,Brand Search - Google,95202.9444,13491,6612,14.39850944,0.490104514,0.1655,2858,473,33.31103723,201.2747239
9/25/2020,Monetization ,783.12,63737,982,0.797474542,0.015407063,0,0,0,0,0
9/25/2020,NB Search - Bing,943.23,1449,67,14.0780597,0.046238785,0.12,25,3,37.7292,314.41
9/25/2020,NB Search - Google,60863.14,16084,1602,37.99197253,0.099602089,0.115099,808,93,75.32566832,654.4423656
9/25/2020,Prospecting - Discovery,5289.3975,361780,2246,2.355030053,0.006208193,0.022222,90,2,58.77108333,2644.69875
9/25/2020,Prospecting - Facebook,5638.4795,314382,782,7.210331841,0.00248742,0.017341,173,3,32.59236705,1879.493167
9/25/2020,Prospecting - Native,5043.13,0,7659,0.658458023,0.004662443,0.071429,28,2,180.1117857,2521.565
9/25/2020,Prospecting - Twitter,0,0,0,0,0,0,1,0,0,0
9/25/2020,Prospecting - YouTube,0,0,0,0,0,0,6,0,0,0
9/25/2020,RT - Discovery,3391.8763,104420,873,3.885310767,0.008360467,0.153846,26,4,130.4567808,847.969075
9/25/2020,RT - Display,2387.37,153868,437,5.463089245,0.002840097,0.052632,19,1,125.6510526,2387.37
9/25/2020,RT - Facebook,3583.2104,127679,265,13.52154868,0.002075518,0.066667,30,2,119.4403467,1791.6052
9/25/2020,RT - Native,57.33,0,13,4.41,0.003096713,0,0,0,0,0
9/25/2020,RT - YouTube,2284.1566,53854,272,8.397634559,0.005050693,0,0,0,0,0
9/25/2020,Smart Display,1193.9675,340932,3258,0.366472529,0.009556158,0,3,0,397.9891667,0
9/26/2020,Brand Search - Bing,3859.2,10198,728,5.301098901,0.071386546,0.119403,134,16,28.8,241.2
9/26/2020,Brand Search - Google,59988.14,8592,4366,13.73983967,0.508147114,0.154309,1996,308,30.05417836,194.7666883
9/26/2020,Monetization ,804.9099,83692,921,0.873952117,0.011004636,0,0,0,0,0
9/26/2020,NB Search - Bing,576.39,875,37,15.57810811,0.042285714,0.071429,14,1,41.17071429,576.39
9/26/2020,NB Search - Google,47177.31,11487,1194,39.51198492,0.103943588,0.049521,626,31,75.36311502,1521.84871
9/26/2020,Prospecting - Discovery,5553.1151,545164,3420,1.623717865,0.006273342,0.03,100,3,55.531151,1851.038367
9/26/2020,Prospecting - Facebook,6082.4499,315176,749,8.120760881,0.00237645,0.012422,161,2,37.77919193,3041.22495
9/26/2020,Prospecting - Native,3396.67,0,6712,0.506059297,0.005708381,0.117647,17,2,199.8041176,1698.335
9/26/2020,Prospecting - Twitter,0,0,0,0,0,0,0,1,0,0
9/26/2020,Prospecting - YouTube,0,0,0,0,0,0,1,0,0,0
9/26/2020,RT - Discovery,2830.8839,129167,1111,2.548050315,0.008601268,0.142857,28,4,101.1029964,707.720975
9/26/2020,RT - Display,1516.95,139640,449,3.378507795,0.003215411,0.125,8,1,189.61875,1516.95
9/26/2020,RT - Facebook,3870.1,142550,246,15.73211382,0.00172571,0,18,0,215.0055556,0
9/26/2020,RT - Native,53.11,0,13,4.085384615,0.002053388,0,0,0,0,0
9/26/2020,RT - YouTube,2487.1822,60856,327,7.606061774,0.00537334,0,0,0,0,0
9/26/2020,Smart Display,1110.4593,437785,5653,0.196437166,0.012912731,0,2,0,555.22965,0
9/27/2020,Brand Search - Bing,3075.99,11333,670,4.591029851,0.059119386,0.097345,113,11,27.22115044,279.6354545
9/27/2020,Brand Search - Google,39499.46,6647,3269,12.08304069,0.491800812,0.09399,1564,147,25.25540921,268.7038095
9/27/2020,Monetization ,750.17,87005,957,0.783876698,0.010999368,0,0,0,0,0
9/27/2020,NB Search - Bing,556.56,912,40,13.914,0.043859649,0.05,20,1,27.828,556.56
9/27/2020,NB Search - Google,40478.65,78983,4507,8.981284668,0.057062912,0.044199,543,24,74.54631676,1686.610417
9/27/2020,Prospecting - Discovery,5885.715,534467,3406,1.728043159,0.006372704,0,97,0,60.67747423,0
9/27/2020,Prospecting - Facebook,5496.75,281779,639,8.602112676,0.002267735,0,177,0,31.05508475,0
9/27/2020,Prospecting - Native,3510.89,0,5754,0.610165103,0.005510819,0,16,0,219.430625,0
9/27/2020,Prospecting - YouTube,0,0,0,0,0,0,3,0,0,0
9/27/2020,RT - Discovery,3206.3648,149410,1244,2.577463666,0.008326083,0.114286,35,4,91.61042286,801.5912
9/27/2020,RT - Display,2069.74,126292,417,4.963405276,0.003301872,0,13,0,159.2107692,0
9/27/2020,RT - Facebook,3329.59,123870,244,13.64586066,0.001969807,0,26,0,128.0611538,0
9/27/2020,RT - Native,71.72,0,18,3.984444444,0.004364694,0,0,0,0,0
9/27/2020,RT - YouTube,2362.7359,60115,353,6.693302833,0.005872079,0,0,0,0,0
9/27/2020,Smart Display,732.7853,338607,3360,0.218090863,0.009923008,0,0,0,0,0
9/28/2020,Brand Search - Bing,5628.02,14087,992,5.673407258,0.070419536,0.117073,205,24,27.4537561,234.5008333
9/28/2020,Brand Search - Google,89246.89,13820,6708,13.30454532,0.485383502,0.125297,2945,369,30.30454669,241.8614905
9/28/2020,Monetization ,805.17,95021,889,0.905703037,0.009355827,0,0,0,0,0
9/28/2020,NB Search - Bing,1186.39,1910,83,14.29385542,0.043455497,0.03125,32,1,37.0746875,1186.39
9/28/2020,NB Search - Google,72093.72,145144,8241,8.748176192,0.056778096,0.054651,860,47,83.82990698,1533.908936
9/28/2020,Prospecting - Discovery,4546.1784,292887,2131,2.133354481,0.007275844,0.051282,78,4,58.28433846,1136.5446
9/28/2020,Prospecting - Facebook,5761.48,326528,819,7.034774115,0.002508208,0.012821,234,3,24.6217094,1920.493333
9/28/2020,Prospecting - Native,5423.82,0,6785,0.799383935,0.004222884,0.038462,26,1,208.6084615,5423.82
9/28/2020,Prospecting - Twitter,0,0,0,0,0,0,3,0,0,0
9/28/2020,Prospecting - YouTube,0,0,0,0,0,0.25,4,1,0,0
9/28/2020,RT - Discovery,2708.8416,85749,756,3.58312381,0.008816429,0,23,0,117.7757217,0
9/28/2020,RT - Display,1904.66,141048,382,4.986020942,0.002708298,0.25,12,3,158.7216667,634.8866667
9/28/2020,RT - Facebook,3150.51,127815,222,14.19148649,0.001736885,0.041667,24,1,131.27125,3150.51
9/28/2020,RT - Native,60.79,0,15,4.052666667,0.003011443,0,5,0,12.158,0
9/28/2020,RT - YouTube,2211.0112,57105,319,6.931069592,0.005586201,0,0,0,0,0
9/28/2020,Smart Display,1192.0938,520297,4932,0.241705961,0.009479201,0,1,0,1192.0938,0
9/29/2020,Brand Search - Bing,6269.14,21790,1185,5.290413502,0.054382744,0.109091,220,24,28.49609091,261.2141667
9/29/2020,Brand Search - Google,81232.8096,12880,6147,13.21503328,0.477251553,0.126849,2704,343,30.04171953,236.8303487
9/29/2020,Monetization ,801.3599,99849,806,0.994243052,0.008072189,0,0,0,0,0
9/29/2020,NB Search - Bing,965.91,1895,66,14.635,0.034828496,0.047619,21,1,45.99571429,965.91
9/29/2020,NB Search - Google,64794.79,223515,8000,8.09934875,0.035791781,0.064559,759,49,85.36862978,1322.342653
9/29/2020,Prospecting - Discovery,2259.3077,176720,1421,1.589942083,0.008040969,0,46,0,49.11538478,0
9/29/2020,Prospecting - Facebook,5676.5701,301294,840,6.757821548,0.002787975,0.004651,215,1,26.40265163,5676.5701
9/29/2020,Prospecting - Native,4588.98,0,6004,0.764320453,0.004563017,0,17,0,269.94,0
9/29/2020,Prospecting - YouTube,0,0,0,0,0,0,0,0,0,0
9/29/2020,RT - Discovery,2623.7905,100639,911,2.880121295,0.009052157,0.12,25,3,104.95162,874.5968333
9/29/2020,RT - Display,1472.85,140059,436,3.37809633,0.003112974,0.083333,12,1,122.7375,1472.85
9/29/2020,RT - Facebook,2428.7899,98152,176,13.79994261,0.001793137,0,32,0,75.89968438,0
9/29/2020,RT - Native,41.79,0,11,3.799090909,0.001662887,0,1,0,41.79,0
9/29/2020,RT - YouTube,2638.5033,71126,420,6.282150714,0.005905014,0,0,0,0,0
9/29/2020,Smart Display,1060.6436,384701,3707,0.286119126,0.009636055,0,3,0,353.5478667,0
9/30/2020,Brand Search - Bing,6089.34,12773,907,6.713715546,0.07100916,0.095477,199,19,30.59969849,320.4915789
9/30/2020,Brand Search - Google,86873.9241,13887,6590,13.18268954,0.474544538,0.145189,2941,427,29.53890653,203.4518129
9/30/2020,Monetization ,781.9401,81493,822,0.951265328,0.010086756,0,0,0,0,0
9/30/2020,NB Search - Bing,1022.9,1847,76,13.45921053,0.041147807,0.125,32,4,31.965625,255.725
9/30/2020,NB Search - Google,64431.7,179711,7480,8.613863636,0.041622383,0.059585,772,46,83.4607513,1400.68913
9/30/2020,Prospecting - Discovery,585.5786,44026,350,1.673081714,0.007949848,0.157895,19,3,30.81992632,195.1928667
9/30/2020,Prospecting - Display,0,0,0,0,0,0,0,0,0,0
9/30/2020,Prospecting - Facebook,5984.5401,429936,959,6.24039635,0.002230565,0.023585,212,5,28.22896274,1196.90802
9/30/2020,Prospecting - Native,6647.25,0,8998,0.738747499,0.003010107,0.03125,32,1,207.7265625,6647.25
9/30/2020,Prospecting - Twitter,0,0,0,0,0,0,2,0,0,0
9/30/2020,Prospecting - YouTube,0,0,0,0,0,0,3,0,0,0
9/30/2020,RT - Discovery,1064.5366,37782,334,3.187235329,0.008840188,0.066667,15,1,70.96910667,1064.5366
9/30/2020,RT - Display,801.62,60254,212,3.781226415,0.003518439,0.125,8,1,100.2025,801.62
9/30/2020,RT - Facebook,2358.6602,102829,194,12.15804227,0.001886627,0.043478,23,1,102.5504435,2358.6602
9/30/2020,RT - Native,90.79,0,24,3.782916667,0.004570558,0,3,0,30.26333333,0
9/30/2020,RT - YouTube,3222.5459,86077,607,5.308971829,0.007051826,0,0,0,0,0
9/30/2020,Smart Display,179.9806,71004,972,0.185165226,0.01368937,0,0,1,0,179.9806
10/1/2020,Brand Search - Bing,7137.42,12477,1070,6.670485981,0.085757794,0.159817,219,35,32.5909589,203.9262857
10/1/2020,Brand Search - Google,107576.8062,15182,7598,14.15856886,0.500461072,0.156575,3270,512,32.89810587,210.1109496
10/1/2020,Monetization ,531.8,77391,657,0.809436834,0.008489359,0,0,0,0,0
10/1/2020,NB Search - Bing,918.17,2061,64,14.34640625,0.031052887,0.111111,27,3,34.0062963,306.0566667
10/1/2020,NB Search - Google,58084.84,26068,1598,36.34846058,0.061301212,0.075682,806,61,72.06555831,952.2104918
10/1/2020,Posts - Facebook,0,0,0,0,0,0,0,0,0,0
10/1/2020,Prospecting - Discovery,0,0,0,0,0,0,3,0,0,0
10/1/2020,Prospecting - Display,0,0,0,0,0,0,0,0,0,0
10/1/2020,Prospecting - Facebook,4210.0498,503539,954,4.413050105,0.00189459,0.027933,179,5,23.51983128,842.00996
10/1/2020,Prospecting - Native,3419.41,0,5861,0.583417506,0.003186183,0.071429,14,1,244.2435714,3419.41
10/1/2020,Prospecting - Twitter,0,0,0,0,0,0,3,0,0,0
10/1/2020,Prospecting - YouTube,0,0,0,0,0,0,2,0,0,0
10/1/2020,RT - Discovery,0,0,0,0,0,1,4,4,0,0
10/1/2020,RT - Display,0,0,0,0,0,2,1,2,0,0
10/1/2020,RT - Facebook,2734.2899,147892,268,10.20257425,0.001812133,0.052632,19,1,143.9099947,2734.2899
10/1/2020,RT - Native,47.89,0,10,4.789,0.0030012,0,1,0,47.89,0
10/1/2020,RT - YouTube,3712.1712,104576,686,5.41132828,0.006559823,0,0,0,0,0
10/1/2020,Smart Display,0,0,0,0,0,0,2,0,0,0
10/2/2020,Brand Search - Bing,6074.59,8891,802,7.574301746,0.090203577,0.209184,196,41,30.99280612,148.1607317
10/2/2020,Brand Search - Google,105633.89,15002,7631,13.84273228,0.508665511,0.180099,3226,581,32.74454123,181.8139243
10/2/2020,Monetization ,295.11,43271,380,0.776605263,0.008781863,0,0,0,0,0
10/2/2020,NB Search - Bing,761.9,1363,60,12.69833333,0.044020543,0.117647,17,2,44.81764706,380.95
10/2/2020,NB Search - Google,56074.72,20600,1549,36.20059393,0.075194175,0.090909,803,73,69.83153176,768.1468493
10/2/2020,Posts - Facebook,0,0,0,0,0,0,0,0,0,0
10/2/2020,Prospecting - Discovery,11.0734,2845,19,0.582810526,0.006678383,0.25,4,1,2.76835,11.0734
10/2/2020,Prospecting - Display,0,0,0,0,0,0,0,0,0,0
10/2/2020,Prospecting - Facebook,3342.59,384056,685,4.879693431,0.001783594,0.028571,140,4,23.87564286,835.6475
10/2/2020,Prospecting - Native,6923.01,0,13892,0.498345091,0.003364093,0.097561,41,4,168.8539024,1730.7525
10/2/2020,Prospecting - YouTube,0,0,0,0,0,0,3,0,0,0
10/2/2020,RT - Discovery,0,53,0,0,0,0.25,4,1,0,0
10/2/2020,RT - Display,0,0,0,0,0,0.5,2,1,0,0
10/2/2020,RT - Facebook,2691.87,137593,242,11.12342975,0.00175881,0,29,0,92.82310345,0
10/2/2020,RT - Native,37.76,0,9,4.195555556,0.00160973,0,1,0,37.76,0
10/2/2020,RT - YouTube,3666.1855,100332,669,5.480097907,0.006667863,0,0,0,0,0
10/2/2020,Smart Display,0,0,0,0,0,0,1,0,0,0
10/3/2020,Brand Search - Bing,3436.74,13664,634,5.420725552,0.046399297,0.159091,132,21,26.03590909,163.6542857
10/3/2020,Brand Search - Google,63290.86,9470,4827,13.11184172,0.509714889,0.136123,2270,309,27.88143612,204.8247896
10/3/2020,Monetization ,299.53,50474,396,0.756388889,0.007845623,0,0,0,0,0
10/3/2020,NB Search - Bing,528.74,1006,33,16.02242424,0.032803181,0,13,0,40.67230769,0
10/3/2020,NB Search - Google,38019.35,11939,1037,36.66282546,0.086858196,0.064579,511,33,74.4018591,1152.101515
10/3/2020,Posts - Facebook,0,0,0,0,0,0,0,0,0,0
10/3/2020,Prospecting - Discovery,3899.2018,405481,2932,1.329877831,0.007230918,0.016667,60,1,64.98669667,3899.2018
10/3/2020,Prospecting - Display,0,0,0,0,0,0,0,0,0,0
10/3/2020,Prospecting - Facebook,3908.27,403382,730,5.353794521,0.001809699,0.006211,161,1,24.27496894,3908.27
10/3/2020,Prospecting - Native,4174.05,0,12017,0.347345427,0.006225773,0.043478,23,1,181.4804348,4174.05
10/3/2020,Prospecting - Twitter,0,0,0,0,0,0,2,0,0,0
10/3/2020,Prospecting - YouTube,0,0,0,0,0,0,2,0,0,0
10/3/2020,RT - Discovery,3074.8454,180405,1512,2.03362791,0.008381142,0,30,0,102.4948467,0
10/3/2020,RT - Display,2059.02,143355,523,3.936940727,0.003648286,0.166667,12,2,171.585,1029.51
10/3/2020,RT - Facebook,2949.29,148710,254,11.61137795,0.001708022,0.03125,32,1,92.1653125,2949.29
10/3/2020,RT - Native,36.56,0,9,4.062222222,0.002545249,0,0,0,0,0
10/3/2020,RT - YouTube,3359.4142,92623,679,4.947590869,0.007330793,0,0,0,0,0
10/3/2020,Smart Display,7.5975,4128,44,0.172670455,0.010658915,0,0,0,0,0
10/4/2020,Brand Search - Bing,3247.02,10509,682,4.761026393,0.064896755,0.125,112,14,28.99125,231.93
10/4/2020,Brand Search - Google,46127.0676,8166,3915,11.78213732,0.479426892,0.098645,1845,182,25.00112065,253.4454264
10/4/2020,Monetization ,299.8698,64253,427,0.702271194,0.006645604,0,0,0,0,0
10/4/2020,NB Search - Bing,504.63,867,35,14.418,0.040369089,0.058824,17,1,29.68411765,504.63
10/4/2020,NB Search - Google,36366.94,10388,965,37.68594819,0.092895649,0.06012,499,30,72.87963928,1212.231333
10/4/2020,Posts - Facebook,0,0,0,0,0,0,0,0,0,0
10/4/2020,Prospecting - Discovery,2465.5972,181547,1545,1.595855793,0.008510193,0,42,0,58.70469524,0
10/4/2020,Prospecting - Display,0,0,0,0,0,0,0,0,0,0
10/4/2020,Prospecting - Facebook,3819.9399,355032,807,4.733506691,0.002273035,0.004831,207,1,18.45381594,3819.9399
10/4/2020,Prospecting - Native,4940.4,0,13836,0.357068517,0.00407486,0,22,0,224.5636364,0
10/4/2020,Prospecting - YouTube,0,0,0,0,0,0,1,0,0,0
10/4/2020,RT - Discovery,3282.6987,150058,1229,2.671032303,0.008190166,0.022727,44,1,74.60678864,3282.6987
10/4/2020,RT - Display,2983.1,189856,623,4.788282504,0.003281434,0,25,0,119.324,0
10/4/2020,RT - Facebook,2824.2399,152889,292,9.672054452,0.001909882,0.03125,32,1,88.25749688,2824.2399
10/4/2020,RT - Native,42.38,0,16,2.64875,0.002779225,0,0,0,0,0
10/4/2020,RT - YouTube,2924.9067,83900,562,5.20446032,0.006698451,0,0,0,0,0
10/4/2020,Smart Display,0.7259,578,5,0.14518,0.008650519,0,1,0,0.7259,0
10/5/2020,Brand Search - Bing,6164.77,13136,1073,5.745358807,0.081683922,0.118812,202,24,30.51866337,256.8654167
10/5/2020,Brand Search - Google,98084.8,14887,7519,13.04492619,0.505071539,0.132704,3180,422,30.84427673,232.428436
10/5/2020,Monetization ,298.18,57379,379,0.786754617,0.006605204,0,0,0,0,0
10/5/2020,NB Search - Bing,992.22,1671,74,13.40837838,0.044284859,0.09375,32,3,31.006875,330.74
10/5/2020,NB Search - Google,60611.71,17774,1681,36.05693635,0.094576347,0.053593,821,44,73.82668697,1377.538864
10/5/2020,Posts - Facebook,0,0,0,0,0,0,0,0,0,0
10/5/2020,Prospecting - Discovery,2489.6668,216126,1856,1.341415302,0.008587583,0.04,50,2,49.793336,1244.8334
10/5/2020,Prospecting - Display,0,0,0,0,0,0,0,0,0,0
10/5/2020,Prospecting - Facebook,4083.5401,362919,793,5.149483102,0.002185061,0.014151,212,3,19.2619816,1361.180033
10/5/2020,Prospecting - Native,4224.21,0,7188,0.587675292,0.004191733,0.083333,12,1,352.0175,4224.21
10/5/2020,Prospecting - YouTube,0,0,0,0,0,0,5,0,0,0
10/5/2020,RT - Discovery,3492.3059,179170,1452,2.405169353,0.008104035,0.093023,43,4,81.21641628,873.076475
10/5/2020,RT - Display,2745.14,171279,550,4.991163636,0.003211135,0.166667,18,3,152.5077778,915.0466667
10/5/2020,RT - Facebook,2791.47,141556,267,10.45494382,0.001886179,0.0625,32,2,87.2334375,1395.735
10/5/2020,RT - Native,50.86,0,26,1.956153846,0.005213555,0,4,0,12.715,0
10/5/2020,RT - YouTube,2230.5344,63959,376,5.93227234,0.005878766,0,0,0,0,0
10/5/2020,Smart Display,1989.5055,821434,6535,0.304438485,0.0079556,0,3,0,663.1685,0
10/6/2020,Brand Search - Bing,5032.58,11861,795,6.330289308,0.067026389,0.120603,199,24,25.28934673,209.6908333
10/6/2020,Brand Search - Google,83211.4296,13343,6474,12.85317108,0.485198231,0.118957,2875,342,28.94310595,243.3082737
10/6/2020,Monetization ,300.21,61831,392,0.765841837,0.006339862,0,0,0,0,0
10/6/2020,NB Search - Bing,1038.06,1732,79,13.14,0.045612009,0.033333,30,1,34.602,1038.06
10/6/2020,NB Search - Google,54590.74,16782,1504,36.29703457,0.089619831,0.07483,735,55,74.27311565,992.5589091
10/6/2020,Prospecting - Discovery,2127.4374,204017,1633,1.302778567,0.008004235,0.042553,47,2,45.26462553,1063.7187
10/6/2020,Prospecting - Display,0,0,0,0,0,0,0,0,0,0
10/6/2020,Prospecting - Facebook,4124.23,352468,800,5.1552875,0.00226971,0,175,0,23.56702857,0
10/6/2020,Prospecting - Native,3272.98,0,5465,0.598898445,0.004248422,0.038462,26,1,125.8838462,3272.98
10/6/2020,Prospecting - YouTube,0,0,0,0,0,0,7,0,0,0
10/6/2020,RT - Discovery,3206.5673,162662,1351,2.373476906,0.008305566,0.108108,37,4,86.66398108,801.641825
10/6/2020,RT - Display,2990.68,194364,572,5.228461538,0.002942932,0,21,0,142.4133333,0
10/6/2020,RT - Facebook,2833.67,115376,264,10.73359848,0.002288171,0.027778,36,1,78.71305556,2833.67
10/6/2020,RT - Native,43.37,0,14,3.097857143,0.002788289,0,1,0,43.37,0
10/6/2020,RT - YouTube,2070.8541,61124,407,5.088093612,0.006658596,0,0,0,0,0
10/6/2020,Smart Display,1947.6292,348201,1843,1.056771134,0.00529292,0,2,0,973.8146,0
10/7/2020,Brand Search - Bing,4843.27,9117,789,6.138491762,0.086541626,0.117347,196,23,24.71056122,210.5769565
10/7/2020,Brand Search - Google,82149.36,13103,6291,13.05823557,0.480119057,0.110198,2677,295,30.6870975,278.4724068
10/7/2020,Monetization ,299.9899,59020,424,0.707523349,0.007184005,0,0,0,0,0
10/7/2020,NB Search - Bing,699.15,1536,52,13.44519231,0.033854167,0,17,0,41.12647059,0
10/7/2020,NB Search - Google,52926.29,16478,1470,36.00427891,0.089209856,0.063739,706,45,74.96641643,1176.139778
10/7/2020,Prospecting - Discovery,2436.212,196387,1527,1.595423707,0.007775464,0,60,0,40.60353333,0
10/7/2020,Prospecting - Display,0,0,0,0,0,0,0,0,0,0
10/7/2020,Prospecting - Facebook,4334.4498,365407,810,5.351172593,0.002216706,0,171,0,25.34765965,0
10/7/2020,Prospecting - Native,3348.37,0,6104,0.548553408,0.004557237,0,16,0,209.273125,0
10/7/2020,Prospecting - YouTube,0,0,0,0,0,0.5,2,1,0,0
10/7/2020,RT - Discovery,2999.6827,139228,1158,2.590399568,0.008317293,0.086957,23,2,130.420987,1499.84135
10/7/2020,RT - Display,2657.65,173495,514,5.170525292,0.002962621,0.125,16,2,166.103125,1328.825
10/7/2020,RT - Facebook,2865.8796,126645,264,10.85560455,0.002084567,0,35,0,81.88227429,0
10/7/2020,RT - Native,56.56,0,22,2.570909091,0.004862953,0,0,0,0,0
10/7/2020,RT - YouTube,2104.209,60473,352,5.977866477,0.00582078,0,0,0,0,0
10/7/2020,Smart Display,1982.2242,595081,4651,0.42619312,0.007815743,0,7,0,283.1748857,0
10/8/2020,Brand Search - Bing,5371.53,14488,990,5.425787879,0.068332413,0.12426,169,21,31.78420118,255.7871429
10/8/2020,Brand Search - Google,90459.95,13146,6592,13.72268659,0.501445307,0.124739,2878,359,31.43153231,251.9775766
10/8/2020,Monetization ,299.08,64454,423,0.707044917,0.00656282,0,0,0,0,0
10/8/2020,NB Search - Bing,860.91,1599,67,12.84940299,0.041901188,0.045455,22,1,39.13227273,860.91
10/8/2020,NB Search - Google,55877.92,16320,1540,36.28436364,0.094362745,0.082504,703,58,79.48495021,963.4124138
10/8/2020,Prospecting - Discovery,2359.3837,270320,1331,1.772639895,0.004923794,0.043478,46,2,51.29095,1179.69185
10/8/2020,Prospecting - Display,0,0,0,0,0,0,0,0,0,0
10/8/2020,Prospecting - Facebook,4555.9001,351301,772,5.901425,0.002197546,0.007042,142,1,32.08380352,4555.9001
10/8/2020,Prospecting - Native,3013.08,0,5664,0.531970339,0.004013011,0.052632,19,1,158.5831579,3013.08
10/8/2020,Prospecting - YouTube,0,0,0,0,0,0,1,0,0,0
10/8/2020,RT - Discovery,3047.2839,180529,1236,2.465440049,0.006846545,0.097561,41,4,74.32399756,761.820975
10/8/2020,RT - Display,1058.71,151230,484,2.187417355,0.003200423,0,6,0,176.4516667,0
10/8/2020,RT - Facebook,2909.68,122315,266,10.93864662,0.002174713,0,30,0,96.98933333,0
10/8/2020,RT - Native,43.88,0,9,4.875555556,0.00207087,0.25,4,1,10.97,43.88
10/8/2020,RT - YouTube,2019.9031,56020,305,6.622633115,0.005444484,0,0,0,0,0
10/8/2020,Smart Display,1105.9577,596053,4959,0.223020307,0.00831973,0,2,0,552.97885,0
10/9/2020,Brand Search - Bing,5539.59,9137,868,6.382016129,0.094998358,0.140777,206,29,26.89121359,191.0203448
10/9/2020,Brand Search - Google,94842.13,13851,7030,13.4910569,0.507544582,0.154583,2924,452,32.43574897,209.8277212
10/9/2020,Monetization ,301.46,67142,426,0.707652582,0.006344762,0,0,0,0,0
10/9/2020,NB Search - Bing,665.24,1390,50,13.3048,0.035971223,0.166667,18,3,36.95777778,221.7466667
10/9/2020,NB Search - Google,51575.01,15216,1438,35.86579277,0.094505783,0.0837,681,57,75.73422907,904.8247368
10/9/2020,Prospecting - Discovery,1931.9561,212366,1534,1.259423794,0.007223379,0.041667,48,2,40.24908542,965.97805
10/9/2020,Prospecting - Display,0,0,0,0,0,0,0,0,0,0
10/9/2020,Prospecting - Facebook,4639.1,297044,698,6.646275072,0.00234982,0.035971,139,5,33.37482014,927.82
10/9/2020,Prospecting - Native,2954.71,0,6267,0.471471198,0.004453794,0.12,25,3,118.1884,984.9033333
10/9/2020,Prospecting - YouTube,0,0,0,0,0,0,0,0,0,0
10/9/2020,RT - Discovery,2574.9142,138724,1061,2.426874835,0.00764828,0.153846,26,4,99.03516154,643.72855
10/9/2020,RT - Display,1772.6,159210,481,3.685239085,0.003021167,0,10,0,177.26,0
10/9/2020,RT - Facebook,2942.01,107822,226,13.01774336,0.002096047,0.033333,30,1,98.067,2942.01
10/9/2020,RT - Native,73.17,0,16,4.573125,0.003508003,1,1,1,73.17,73.17
10/9/2020,RT - YouTube,2194.9842,61381,367,5.980883379,0.005979049,0,0,0,0,0
10/9/2020,Smart Display,501.2051,200879,1959,0.255847422,0.009752139,0,1,0,501.2051,0
10/10/2020,Brand Search - Bing,3058.17,8283,634,4.823611987,0.076542316,0.151724,145,22,21.09082759,139.0077273
10/10/2020,Brand Search - Google,60010.75,9137,4650,12.90553763,0.508919777,0.121578,2155,262,27.84721578,229.0486641
10/10/2020,Monetization ,300.64,69938,351,0.856524217,0.005018731,0,0,0,0,0
10/10/2020,NB Search - Bing,357.88,924,26,13.76461538,0.028138528,0,5,0,71.576,0
10/10/2020,NB Search - Google,37153.13,10673,1050,35.38393333,0.098379087,0.057196,542,31,68.54821033,1198.488065
10/10/2020,Prospecting - Discovery,2081.164,247400,2185,0.952477803,0.008831851,0,51,0,40.80713725,0
10/10/2020,Prospecting - Display,0,0,0,0,0,0,0,0,0,0
10/10/2020,Prospecting - Facebook,4831.92,305706,733,6.591978172,0.002397729,0.030864,162,5,29.82666667,966.384
10/10/2020,Prospecting - Native,2458.03,0,5816,0.422632393,0.005770648,0.125,8,1,307.25375,2458.03
10/10/2020,Prospecting - Twitter,0,0,0,0,0,0,2,0,0,0
10/10/2020,Prospecting - YouTube,0,0,0,0,0,0,4,0,0,0
10/10/2020,RT - Discovery,2567.3474,161284,1490,1.723051946,0.009238362,0.176471,34,6,75.51021765,427.8912333
10/10/2020,RT - Display,3060.63,144084,516,5.931453488,0.003581244,0,21,0,145.7442857,0
10/10/2020,RT - Facebook,3133.05,113395,259,12.09671815,0.002284051,0.05,40,2,78.32625,1566.525
10/10/2020,RT - Native,43.3,0,14,3.092857143,0.005183265,0,0,0,0,0
10/10/2020,RT - YouTube,1874.6404,51929,324,5.78592716,0.006239288,0,0,0,0,0
10/10/2020,Smart Display,1443.2674,496174,3644,0.396066795,0.007344198,0,1,0,1443.2674,0
10/11/2020,Brand Search - Bing,2478.62,8009,505,4.908158416,0.063054064,0.10101,99,10,25.03656566,247.862
10/11/2020,Brand Search - Google,41642.26,7317,3578,11.63841811,0.488998223,0.076296,1717,131,24.25291788,317.8798473
10/11/2020,Monetization ,293.5,66609,387,0.758397933,0.005810026,0,0,0,0,0
10/11/2020,NB Search - Bing,446.52,935,31,14.40387097,0.03315508,0,16,0,27.9075,0
10/11/2020,NB Search - Google,34845.78,9517,940,37.06997872,0.098770621,0.0501,499,25,69.83122244,1393.8312
10/11/2020,Prospecting - Discovery,1650.6205,230967,1806,0.913964839,0.007819299,0.021739,46,1,35.88305435,1650.6205
10/11/2020,Prospecting - Display,0,0,0,0,0,0,0,0,0,0
10/11/2020,Prospecting - Facebook,4084.6,247088,632,6.462974684,0.002557793,0.006494,154,1,26.52337662,4084.6
10/11/2020,Prospecting - Native,2602.59,0,6424,0.40513543,0.004319074,0.157895,19,3,136.9784211,867.53
10/11/2020,Prospecting - YouTube,0,0,0,0,0,0,2,0,0,0
10/11/2020,RT - Discovery,2594.4055,173552,1584,1.63788226,0.009126948,0.142857,21,3,123.543119,864.8018333
10/11/2020,RT - Display,2134.5,116727,496,4.303427419,0.004249231,0,16,0,133.40625,0
10/11/2020,RT - Facebook,2812.72,104280,210,13.39390476,0.002013809,0,30,0,93.75733333,0
10/11/2020,RT - Native,21.92,0,17,1.289411765,0.004224652,0,0,0,0,0
10/11/2020,RT - YouTube,1995.9392,58757,352,5.670281818,0.005990776,0,0,0,0,0
10/11/2020,Smart Display,1172.1765,172714,1068,1.097543539,0.006183633,0.285714,7,2,167.4537857,586.08825
10/12/2020,Brand Search - Bing,4558.16,7317,754,6.04530504,0.103047697,0.084577,201,17,22.67741294,268.1270588
10/12/2020,Brand Search - Google,81078.45,13000,6223,13.02883657,0.478692308,0.110418,2726,301,29.7426449,269.3636213
10/12/2020,Monetization ,301.26,61810,402,0.749402985,0.006503802,0,0,0,0,0
10/12/2020,NB Search - Bing,940.57,1497,73,12.88452055,0.048764195,0,27,0,34.83592593,0
10/12/2020,NB Search - Google,52841.55,14737,1439,36.72102154,0.097645382,0.061538,715,44,73.90426573,1200.944318
10/12/2020,Prospecting - Discovery,1941.5589,250923,2224,0.873003103,0.008863277,0.047619,42,2,46.22759286,970.77945
10/12/2020,Prospecting - Display,0,0,0,0,0,0,0,0,0,0
10/12/2020,Prospecting - Facebook,4362.32,255004,607,7.186688633,0.002380355,0.006098,164,1,26.5995122,4362.32
10/12/2020,Prospecting - Native,3012.65,0,5626,0.535487025,0.004260449,0.15,20,3,150.6325,1004.216667
10/12/2020,Prospecting - Twitter,0,0,0,0,0,0,1,0,0,0
10/12/2020,Prospecting - YouTube,0,0,0,0,0,0,3,0,0,0
10/12/2020,RT - Discovery,2687.0245,172468,1803,1.490307543,0.010454113,0.26087,23,6,116.8271522,447.8374167
10/12/2020,RT - Display,2500.25,154113,489,5.112985685,0.003172996,0.0625,16,1,156.265625,2500.25
10/12/2020,RT - Facebook,2915.69,118188,240,12.14870833,0.002030663,0.035714,28,1,104.1317857,2915.69
10/12/2020,RT - Native,42.96,0,17,2.527058824,0.00293559,0,1,0,42.96,0
10/12/2020,RT - YouTube,1909.1525,59238,346,5.517781792,0.005840845,0,0,0,0,0
10/12/2020,Smart Display,1181.4767,419083,2833,0.41704084,0.006759997,0.333333,3,1,393.8255667,1181.4767
10/13/2020,Brand Search - Bing,5397.77,5678,788,6.849961929,0.138781261,0.163934,183,30,29.49601093,179.9256667
10/13/2020,Brand Search - Google,80593.71,12809,6307,12.7784541,0.492388165,0.125899,2780,350,28.99054317,230.2677429
10/13/2020,Monetization ,301.23,57081,399,0.754962406,0.006990067,0,0,0,0,0
10/13/2020,NB Search - Bing,852.38,1615,63,13.52984127,0.039009288,0,22,0,38.74454545,0
10/13/2020,NB Search - Google,49385.22,15649,1401,35.24997859,0.089526487,0.048137,644,31,76.68512422,1593.071613
10/13/2020,Prospecting - Discovery,2180.732,266629,2830,0.770576678,0.010613999,0.04,50,2,43.61464,1090.366
10/13/2020,Prospecting - Display,0,0,0,0,0,0,0,0,0,0
10/13/2020,Prospecting - Facebook,4483.1501,245640,684,6.554313012,0.002784563,0.009804,204,2,21.97622598,2241.57505
10/13/2020,Prospecting - Native,2933.45,0,3967,0.73946307,0.003502765,0.052632,19,1,154.3921053,2933.45
10/13/2020,Prospecting - YouTube,0,0,0,0,0,0,2,0,0,0
10/13/2020,RT - Discovery,2795.4475,167483,1898,1.472838514,0.011332493,0,31,0,90.17572581,0
10/13/2020,RT - Display,2927.59,138414,461,6.350520607,0.003330588,0.090909,22,2,133.0722727,1463.795
10/13/2020,RT - Facebook,2820.01,102820,205,13.75614634,0.001993776,0.03125,32,1,88.1253125,2820.01
10/13/2020,RT - Native,55.34,0,12,4.611666667,0.001988731,0,0,0,0,0
10/13/2020,RT - YouTube,1864.1956,54359,302,6.172833113,0.005555658,0,0,0,0,0
10/13/2020,Smart Display,1018.6576,344270,1872,0.544154701,0.005437593,0,0,0,0,0
10/14/2020,Brand Search - Bing,5316.36,9592,930,5.716516129,0.096955797,0.114428,201,23,26.44955224,231.146087
10/14/2020,Brand Search - Google,84885.12,13480,6663,12.73977488,0.494287834,0.118839,2962,352,28.65804186,241.1509091
10/14/2020,Monetization ,301.22,48304,426,0.707089202,0.008819145,0,0,0,0,0
10/14/2020,NB Search - Bing,852.59,1731,65,13.11676923,0.037550549,0.117647,17,2,50.15235294,426.295
10/14/2020,NB Search - Google,50202.85,15737,1484,33.82941375,0.094300057,0.066958,687,46,73.07547307,1091.366304
10/14/2020,Prospecting - Discovery,2171.7543,244639,2689,0.807643845,0.010991706,0.027778,36,1,60.32650833,2171.7543
10/14/2020,Prospecting - Display,0,0,0,0,0,0,0,0,0,0
10/14/2020,Prospecting - Facebook,4527.57,240551,676,6.697588757,0.002810215,0.005747,174,1,26.02051724,4527.57
10/14/2020,Prospecting - Native,2591.11,0,2891,0.896267727,0.002578568,0.047619,21,1,123.3861905,2591.11
10/14/2020,Prospecting - Twitter,0,0,0,0,0,0.5,2,1,0,0
10/14/2020,Prospecting - YouTube,0,0,0,0,0,1,1,1,0,0
10/14/2020,RT - Discovery,2518.8505,133094,1532,1.64415829,0.011510662,0.125,24,3,104.9521042,839.6168333
10/14/2020,RT - Display,2783.18,138351,428,6.502757009,0.003093581,0.157895,19,3,146.4831579,927.7266667
10/14/2020,RT - Facebook,2844.51,100503,208,13.67552885,0.00206959,0.04,25,1,113.7804,2844.51
10/14/2020,RT - Native,96.02,0,20,4.801,0.004617871,0,2,0,48.01,0
10/14/2020,RT - YouTube,1917.1856,56575,291,6.588266667,0.005143615,0,0,0,0,0
10/14/2020,Smart Display,1031.9595,389302,2638,0.391190106,0.00677623,0,2,0,515.97975,0
10/15/2020,Brand Search - Bing,5572.31,5060,852,6.540269953,0.168379447,0.152074,217,33,25.67884793,168.8578788
10/15/2020,Brand Search - Google,92594.0321,13842,6929,13.36326051,0.500577951,0.128429,3099,398,29.8786809,232.6483219
10/15/2020,Monetization ,297.03,40749,337,0.881394659,0.008270142,0,0,0,0,0
10/15/2020,NB Search - Bing,864.75,1806,64,13.51171875,0.035437431,0.034483,29,1,29.81896552,864.75
10/15/2020,NB Search - Google,53164.29,15797,1506,35.30165339,0.095334557,0.068867,697,48,76.27588235,1107.589375
10/15/2020,Prospecting - Discovery,1892.6418,203478,2217,0.853694993,0.010895527,0.014493,69,1,27.4295913,1892.6418
10/15/2020,Prospecting - Display,0,0,0,0,0,0,0,0,0,0
10/15/2020,Prospecting - Facebook,3986.9002,222975,616,6.472240584,0.002762642,0.011834,169,2,23.59112544,1993.4501
10/15/2020,Prospecting - Native,3112.81,0,3458,0.900176403,0.002603388,0.181818,22,4,141.4913636,778.2025
10/15/2020,Prospecting - Twitter,0,0,0,0,0,0.25,4,1,0,0
10/15/2020,Prospecting - YouTube,0,0,0,0,0,0,3,0,0,0
10/15/2020,RT - Discovery,2520.4392,147829,1714,1.470501284,0.011594477,0,16,0,157.52745,0
10/15/2020,RT - Display,1618.6,127358,392,4.129081633,0.003077938,0.125,16,2,101.1625,809.3
10/15/2020,RT - Facebook,2858.3799,105344,209,13.67645885,0.001983976,0.076923,13,1,219.8753769,2858.3799
10/15/2020,RT - Native,34.67,0,12,2.889166667,0.002303263,0,2,0,17.335,0
10/15/2020,RT - YouTube,2297.9987,70116,362,6.348062707,0.005162873,0,0,0,0,0
10/15/2020,Smart Display,1047.283,58046,353,2.966807365,0.006081384,0,3,0,349.0943333,0
10/16/2020,Brand Search - Bing,5162.43,5074,809,6.381248455,0.159440284,0.154255,188,29,27.45973404,178.0148276
10/16/2020,Brand Search - Google,92016.56,13776,6816,13.50008216,0.494773519,0.173109,2975,515,30.92993613,178.672932
10/16/2020,Monetization ,302.45,47374,363,0.833195592,0.007662431,0,0,0,0,0
10/16/2020,NB Search - Bing,737.39,1459,52,14.18057692,0.03564085,0.086957,23,2,32.06043478,368.695
10/16/2020,NB Search - Google,50528.23,14939,1419,35.60833686,0.094986278,0.091045,670,61,75.41526866,828.3316393
10/16/2020,Prospecting - Discovery,2094.3899,273511,2693,0.777716264,0.009846039,0.066667,30,2,69.81299667,1047.19495
10/16/2020,Prospecting - Display,0,0,0,0,0,0,1,0,0,0
10/16/2020,Prospecting - Facebook,2885.33,153460,433,6.663579677,0.002821582,0,118,0,24.45194915,0
10/16/2020,Prospecting - Native,3267.14,0,3200,1.02098125,0.002555843,0.0625,16,1,204.19625,3267.14
10/16/2020,Prospecting - YouTube,0,0,0,0,0,0,5,0,0,0
10/16/2020,RT - Discovery,2688.9726,142010,1682,1.598675743,0.011844236,0.051282,39,2,68.94801538,1344.4863
10/16/2020,RT - Display,2673.32,114154,379,7.053614776,0.003320076,0.238095,21,5,127.3009524,534.664
10/16/2020,RT - Facebook,2927.26,103372,174,16.82333333,0.001683241,0,28,0,104.545,0
10/16/2020,RT - Native,63.4,0,11,5.763636364,0.002053005,0,1,0,63.4,0
10/16/2020,RT - YouTube,3169.9488,111827,637,4.976371743,0.005696299,0,0,0,0,0
10/16/2020,Smart Display,1006.0196,172497,812,1.238940394,0.004707328,0,0,0,0,0
10/17/2020,Brand Search - Bing,2804.48,6668,808,3.470891089,0.121175765,0.161017,118,19,23.76677966,147.6042105
10/17/2020,Brand Search - Google,60132.3862,9041,4742,12.68080687,0.524499502,0.12869,2168,279,27.7363405,215.5282659
10/17/2020,Monetization ,302.72,46624,363,0.833939394,0.00778569,0,0,0,0,0
10/17/2020,NB Search - Bing,671.38,1173,42,15.9852381,0.035805627,0,17,0,39.49294118,0
10/17/2020,NB Search - Google,36750.81,10571,983,37.38637843,0.092990256,0.073375,477,35,77.04572327,1050.023143
10/17/2020,Prospecting - Discovery,2170.4454,224518,2141,1.013753106,0.009535984,0,52,0,41.73933462,0
10/17/2020,Prospecting - Display,0,0,0,0,0,0,0,0,0,0
10/17/2020,Prospecting - Facebook,3075.1601,176619,502,6.125816932,0.002842276,0.005682,176,1,17.47250057,3075.1601
10/17/2020,Prospecting - Native,2617.68,0,2712,0.965221239,0.003046756,0.1,20,2,130.884,1308.84
10/17/2020,Prospecting - YouTube,0,0,0,0,0,0,2,0,0,0
10/17/2020,RT - Discovery,2508.0486,132739,1546,1.622282406,0.011646916,0,31,0,80.90479355,0
10/17/2020,RT - Display,2028.93,125729,450,4.508733333,0.003579127,0,10,0,202.893,0
10/17/2020,RT - Facebook,3121.43,118494,195,16.00733333,0.001645653,0.047619,21,1,148.6395238,3121.43
10/17/2020,RT - Native,55.43,0,19,2.917368421,0.005359662,0,0,0,0,0
10/17/2020,RT - YouTube,3723.2793,130355,799,4.65992403,0.006129416,0,1,0,3723.2793,0
10/17/2020,Smart Display,1009.121,189899,1263,0.798987332,0.006650904,0,3,0,336.3736667,0
10/18/2020,Brand Search - Bing,2514.3,4093,484,5.194834711,0.118250672,0.063636,110,7,22.85727273,359.1857143
10/18/2020,Brand Search - Google,42574.99,7328,3800,11.20394474,0.518558952,0.090173,1730,156,24.60982081,272.9166026
10/18/2020,Monetization ,300.36,47925,379,0.792506596,0.00790819,0,0,0,0,0
10/18/2020,NB Search - Bing,395.78,1183,29,13.64758621,0.024513948,0,10,0,39.578,0
10/18/2020,NB Search - Google,33893.93,9913,907,37.36927233,0.091496015,0.056399,461,26,73.52262473,1303.612692
10/18/2020,Prospecting - Discovery,1872.0164,296273,2240,0.835721607,0.007560594,0.036364,55,2,34.03666182,936.0082
10/18/2020,Prospecting - Display,0,0,0,0,0,0,0,0,0,0
10/18/2020,Prospecting - Facebook,2741.35,148017,477,5.74706499,0.003222603,0.013699,146,2,18.77636986,1370.675
10/18/2020,Prospecting - Native,2674.71,0,2978,0.898156481,0.002771413,0.142857,7,1,382.1014286,2674.71
10/18/2020,Prospecting - YouTube,0,0,0,0,0,0,3,0,0,0
10/18/2020,RT - Discovery,2459.5306,130774,1449,1.69739862,0.011080184,0.033333,30,1,81.98435333,2459.5306
10/18/2020,RT - Display,2055.39,94443,374,5.495695187,0.003960061,0.076923,13,1,158.1069231,2055.39
10/18/2020,RT - Facebook,2848.81,110613,220,12.94913636,0.001988916,0,30,0,94.96033333,0
10/18/2020,RT - Native,55.66,0,16,3.47875,0.006033183,0,1,0,55.66,0
10/18/2020,RT - YouTube,3540.6062,119155,757,4.677154822,0.00635307,0,0,0,0,0
10/18/2020,Smart Display,947.3503,267901,2090,0.453277656,0.007801389,0,2,0,473.67515,0
10/19/2020,Brand Search - Bing,5119.37,5011,880,5.817465909,0.17561365,0.154589,207,32,24.73125604,159.9803125
10/19/2020,Brand Search - Google,89719.23,14137,7111,12.61696386,0.503006296,0.122442,3079,377,29.13908087,237.9820424
10/19/2020,Monetization ,300.1801,46852,387,0.775659173,0.008260053,0,0,0,0,0
10/19/2020,NB Search - Bing,975.37,1658,72,13.54680556,0.043425814,0.115385,26,3,37.51423077,325.1233333
10/19/2020,NB Search - Google,53303.37,17177,1500,35.53558,0.087326076,0.040166,722,29,73.82738227,1838.047241
10/19/2020,Prospecting - Discovery,2009.5601,210562,1988,1.010845121,0.0094414,0.071429,56,4,35.88500179,502.390025
10/19/2020,Prospecting - Display,0,0,0,0,0,0,0,0,0,0
10/19/2020,Prospecting - Facebook,3698.3301,230269,632,5.851788133,0.002744616,0.006135,163,1,22.68914172,3698.3301
10/19/2020,Prospecting - Native,3419.69,0,3671,0.931541814,0.002472124,0.153846,13,2,263.0530769,1709.845
10/19/2020,Prospecting - Twitter,0,0,0,0,0,0,1,0,0,0
10/19/2020,Prospecting - YouTube,7256.7475,244136,938,7.736404584,0.003842121,0.076923,13,1,558.2113462,7256.7475
10/19/2020,RT - Discovery,2455.7305,112318,1424,1.724529846,0.012678288,0.034483,29,1,84.68036207,2455.7305
10/19/2020,RT - Display,1972.93,100483,333,5.924714715,0.003313993,0.090909,22,2,89.67863636,986.465
10/19/2020,RT - Facebook,2782.9002,104385,184,15.12445761,0.001762705,0,24,0,115.954175,0
10/19/2020,RT - Native,74.13,0,19,3.901578947,0.004060697,0,2,0,37.065,0
10/19/2020,RT - YouTube,2933.5839,96851,571,5.137625044,0.005895654,0,0,0,0,0
10/19/2020,Smart Display,52.7799,9460,86,0.613719767,0.009090909,1,2,2,26.38995,26.38995
10/20/2020,Brand Search - Bing,4460.15,4282,712,6.264255618,0.16627744,0.068182,176,12,25.34176136,371.6791667
10/20/2020,Brand Search - Google,78862.45,13109,6492,12.14763555,0.495232283,0.111989,2911,326,27.09118859,241.9093558
10/20/2020,Monetization ,301.0898,30726,277,1.086966787,0.009015166,0,0,0,0,0
10/20/2020,NB Search - Bing,1191.03,1567,82,14.5247561,0.052329292,0.033333,30,1,39.701,1191.03
10/20/2020,NB Search - Google,55745.09,17597,1518,36.72272069,0.086264704,0.051984,731,38,76.25867305,1466.976053
10/20/2020,Prospecting - Discovery,3893.6413,302035,3994,0.974872634,0.013223633,0.025316,79,2,49.28659873,1946.82065
10/20/2020,Prospecting - Display,0,0,0,0,0,0,0,0,0,0
10/20/2020,Prospecting - Facebook,5165.5999,308810,759,6.80579697,0.002457822,0.005525,181,1,28.53922597,5165.5999
10/20/2020,Prospecting - Native,2122.79,0,2389,0.888568439,0.002465271,0,12,0,176.8991667,0
10/20/2020,Prospecting - YouTube,7368.9885,248658,862,8.548710557,0.003466609,0,15,0,491.2659,0
10/20/2020,RT - Discovery,3292.4513,181825,2080,1.582909279,0.011439571,0.025,40,1,82.3112825,3292.4513
10/20/2020,RT - Display,2001.58,103472,349,5.735186246,0.003372893,0.142857,21,3,95.31333333,667.1933333
10/20/2020,RT - Facebook,2534.6999,71446,155,16.35290258,0.002169471,0.027778,36,1,70.40833056,2534.6999
10/20/2020,RT - Native,35.89,0,8,4.48625,0.002088228,0,1,0,35.89,0
10/20/2020,RT - YouTube,2588.5566,80471,431,6.005931787,0.005355967,0,0,0,0,0
10/20/2020,Smart Display,0,0,0,0,0,0.5,2,1,0,0
10/21/2020,Brand Search - Bing,5543.16,4148,663,8.360723982,0.159836066,0.203488,172,35,32.22767442,158.376
10/21/2020,Brand Search - Google,80853.704,13025,6326,12.78117357,0.485681382,0.123881,2793,346,28.94869459,233.6812254
10/21/2020,Monetization ,299.4,30979,252,1.188095238,0.008134543,0,0,0,0,0
10/21/2020,NB Search - Bing,1091.34,1841,74,14.74783784,0.040195546,0,28,0,38.97642857,0
10/21/2020,NB Search - Google,59279.77,16888,1546,38.34396507,0.091544292,0.057069,771,44,76.88686122,1347.2675
10/21/2020,Prospecting - Discovery,3315.3017,237425,3386,0.979120408,0.014261346,0,63,0,52.62383651,0
10/21/2020,Prospecting - Display,0,0,0,0,0,0,0,0,0,0
10/21/2020,Prospecting - Facebook,4975.9403,290513,806,6.173623201,0.002774403,0.004739,211,1,23.58265545,4975.9403
10/21/2020,Prospecting - Native,9.59,0,7,1.37,0.008557457,0,4,0,2.3975,0
10/21/2020,Prospecting - YouTube,7299.6745,241196,874,8.35203032,0.003623609,0,10,0,729.96745,0
10/21/2020,RT - Discovery,3924.7714,161402,2147,1.828025803,0.01330219,0.068182,44,3,89.19935,1308.257133
10/21/2020,RT - Display,2298.66,99416,329,6.986808511,0.003309326,0,19,0,120.9821053,0
10/21/2020,RT - Facebook,2491.4,65420,164,15.19146341,0.002506879,0.029412,34,1,73.27647059,2491.4
10/21/2020,RT - Native,0,0,0,0,0,0,0,0,0,0
10/21/2020,RT - YouTube,2294.067,69040,346,6.630251445,0.005011587,0,0,0,0,0
10/22/2020,Brand Search - Bing,5907.45,4139,693,8.524458874,0.167431747,0.162162,185,30,31.93216216,196.915
10/22/2020,Brand Search - Google,87640.06,12668,6559,13.3618021,0.517761288,0.136364,3080,420,28.45456494,208.6668095
10/22/2020,Monetization ,300.85,32138,287,1.04825784,0.008930238,0,0,0,0,0
10/22/2020,NB Search - Bing,1202.33,1822,83,14.48590361,0.045554336,0,32,0,37.5728125,0
10/22/2020,NB Search - Google,58150.91,16392,1537,37.83403383,0.093765251,0.059343,792,47,73.42286616,1237.253404
10/22/2020,Prospecting - Discovery,2948.5529,286028,4015,0.734384284,0.014037087,0.042254,71,3,41.52891408,982.8509667
10/22/2020,Prospecting - Display,0,0,0,0,0,0,0,0,0,0
10/22/2020,Prospecting - Facebook,5267.0599,303208,779,6.761309243,0.002569193,0.005208,192,1,27.43260365,5267.0599
10/22/2020,Prospecting - Native,0,0,0,0,0,0,0,0,0,0
10/22/2020,Prospecting - YouTube,4484.6335,140597,494,9.078205466,0.003513588,0,11,0,407.6939545,0
10/22/2020,RT - Discovery,3675.1906,155764,1907,1.927210593,0.01224288,0.027778,36,1,102.0886278,3675.1906
10/22/2020,RT - Display,1471.06,92731,331,4.44429003,0.003569464,0.363636,11,4,133.7327273,367.765
10/22/2020,RT - Facebook,2546.4,66370,134,19.00298507,0.002018984,0,19,0,134.0210526,0
10/22/2020,RT - Native,0,0,0,0,0,0,0,0,0,0
10/22/2020,RT - YouTube,2050.7177,61404,265,7.738557358,0.00431568,0,0,0,0,0
10/22/2020,Smart Display,0,0,0,0,0,0,2,0,0,0
10/23/2020,Brand Search - Bing,5441.8,3826,667,8.15862069,0.174333508,0.177515,169,30,32.2,181.3933333
10/23/2020,Brand Search - Google,91709.2,13060,6591,13.91430739,0.50467075,0.167792,2962,497,30.96191762,184.5255533
10/23/2020,Monetization ,196.27,20057,183,1.072513661,0.009123997,0,0,0,0,0
10/23/2020,NB Search - Bing,930.33,1673,63,14.76714286,0.037656904,0.083333,24,2,38.76375,465.165
10/23/2020,NB Search - Google,53656.02,15333,1471,36.47588035,0.095936868,0.091954,696,64,77.09198276,838.3753125
10/23/2020,Prospecting - Discovery,2587.7265,301637,3688,0.701661198,0.012226617,0.038462,78,3,33.17598077,862.5755
10/23/2020,Prospecting - Display,0,0,0,0,0,0,0,0,0,0
10/23/2020,Prospecting - Facebook,3571.2701,197733,490,7.288306327,0.002478089,0.016129,124,2,28.80056532,1785.63505
10/23/2020,Prospecting - Native,0,0,0,0,0,1,2,2,0,0
10/23/2020,Prospecting - YouTube,3888.773,140962,501,7.762021956,0.003554149,0.0625,16,1,243.0483125,3888.773
10/23/2020,RT - Discovery,2849.7394,140150,1636,1.741894499,0.011673207,0.076923,52,4,54.80268077,712.43485
10/23/2020,RT - Display,1071.24,98270,338,3.169349112,0.003439503,0.166667,6,1,178.54,1071.24
10/23/2020,RT - Facebook,1909.0301,47379,128,14.91429766,0.002701619,0.045455,22,1,86.77409545,1909.0301
10/23/2020,RT - Native,0,0,0,0,0,0,0,0,0,0
10/23/2020,RT - YouTube,1926.0771,57171,273,7.055227473,0.004775148,0,0,0,0,0
10/24/2020,Brand Search - Bing,2958.84,2890,398,7.434271357,0.137716263,0.144144,111,16,26.65621622,184.9275
10/24/2020,Brand Search - Google,58688.75,8457,4419,13.28100249,0.522525718,0.129493,2031,263,28.89647957,223.1511407
10/24/2020,Combined Audiences - Facebook,2888.61,125092,303,9.533366337,0.002422217,0,0,0,0,0
10/24/2020,Monetization ,141.52,16185,124,1.141290323,0.007661415,0,0,0,0,0
10/24/2020,NB Search - Bing,478.91,1169,33,14.51242424,0.028229256,0.222222,9,2,53.21222222,239.455
10/24/2020,NB Search - Google,42135.82,10814,1119,37.65488829,0.103476974,0.065217,552,36,76.33300725,1170.439444
10/24/2020,Prospecting - Discovery,3099.0321,276885,4592,0.674876328,0.016584503,0.013889,72,1,43.0421125,3099.0321
10/24/2020,Prospecting - Display,0,0,0,0,0,0,0,0,0,0
10/24/2020,Prospecting - Facebook,2339.35,111618,309,7.570711974,0.002768371,0.007092,141,1,16.59113475,2339.35
10/24/2020,Prospecting - Native,0,0,0,0,0,0,1,0,0,0
10/24/2020,Prospecting - YouTube,3793.577,154383,525,7.225860952,0.003400633,0.166667,6,1,632.2628333,3793.577
10/24/2020,RT - Discovery,2691.7676,141058,1526,1.763936828,0.010818245,0.030303,33,1,81.56871515,2691.7676
10/24/2020,RT - Display,750.26,90307,363,2.066831956,0.004019622,0.285714,7,2,107.18,375.13
10/24/2020,RT - Facebook,1350.38,31765,65,20.77507692,0.002046277,0,23,0,58.71217391,0
10/24/2020,RT - Native,0,0,0,0,0,0,0,0,0,0
10/24/2020,RT - YouTube,1767.2629,52562,226,7.819747345,0.004299684,0,0,0,0,0
10/25/2020,Brand Search - Bing,2202.17,2566,345,6.383101449,0.134450507,0.095745,94,9,23.42734043,244.6855556
10/25/2020,Brand Search - Google,42147.7,6749,3433,12.27722109,0.508667951,0.095062,1620,154,26.01709877,273.6863636
10/25/2020,Combined Audiences - Facebook,4068.24,229363,546,7.450989011,0.002380506,0,0,0,0,0
10/25/2020,Monetization ,150.67,17922,172,0.875988372,0.009597143,0,0,0,0,0
10/25/2020,NB Search - Bing,384.99,1053,26,14.80730769,0.024691358,0.076923,13,1,29.61461538,384.99
10/25/2020,NB Search - Google,38609.65,9867,987,39.11818642,0.100030404,0.045714,525,24,73.54219048,1608.735417
10/25/2020,Prospecting - Discovery,3611.771,230927,4195,0.860970441,0.018165914,0.012658,79,1,45.71862025,3611.771
10/25/2020,Prospecting - Display,0,0,0,0,0,0,0,0,0,0
10/25/2020,Prospecting - Facebook,2148.26,121386,318,6.755534591,0.002619742,0,179,0,12.00145251,0
10/25/2020,Prospecting - Native,0,0,0,0,0,0.5,2,1,0,0
10/25/2020,Prospecting - YouTube,3794.3153,157587,571,6.645035552,0.003623395,0,12,0,316.1929417,0
10/25/2020,RT - Discovery,2849.0408,135550,1537,1.853637476,0.011338989,0.033333,30,1,94.96802667,2849.0408
10/25/2020,RT - Display,1912.96,74482,375,5.101226667,0.005034774,0,12,0,159.4133333,0
10/25/2020,RT - Facebook,1421.07,39705,81,17.54407407,0.002040045,0.034483,29,1,49.00241379,1421.07
10/25/2020,RT - YouTube,1723.5275,48950,209,8.246543062,0.004269663,0,0,0,0,0
10/25/2020,Smart Display,0,0,0,0,0,0,1,0,0,0
10/26/2020,Brand Search - Bing,4956.11,4293,703,7.049943101,0.16375495,0.101064,188,19,26.36228723,260.8478947
10/26/2020,Brand Search - Google,86764.84,13025,6341,13.68314777,0.486833013,0.117314,2830,332,30.65895406,261.3398795
10/26/2020,Combined Audiences - Facebook,4243.4001,196621,403,10.52952878,0.002049628,0,0,0,0,0
10/26/2020,Monetization ,150.18,21282,206,0.729029126,0.009679541,0,0,0,0,0
10/26/2020,NB Search - Bing,1200.86,1976,88,13.64613636,0.044534413,0,43,0,27.92697674,0
10/26/2020,NB Search - Google,61221.52,16201,1627,37.62846958,0.1004259,0.067551,829,56,73.84984318,1093.241429
10/26/2020,Prospecting - Discovery,3462.3242,257876,2910,1.189802131,0.011284493,0.014706,68,1,50.91653235,3462.3242
10/26/2020,Prospecting - Display,0,0,0,0,0,0,0,0,0,0
10/26/2020,Prospecting - Facebook,2580.7701,137003,332,7.773403916,0.002423305,0,156,0,16.54339808,0
10/26/2020,Prospecting - Native,0,0,0,0,0,0,1,0,0,0
10/26/2020,Prospecting - YouTube,4530.147,184619,631,7.179313788,0.00341785,0,10,0,453.0147,0
10/26/2020,RT - Discovery,3768.0486,201351,1823,2.066949314,0.009053841,0.027027,37,1,101.8391514,3768.0486
10/26/2020,RT - Display,1210.59,89651,352,3.439176136,0.003926337,0.1,10,1,121.059,1210.59
10/26/2020,RT - Facebook,1478.5002,52787,98,15.08673673,0.001856518,0.047619,21,1,70.40477143,1478.5002
10/26/2020,RT - Native,0,0,0,0,0,0,1,0,0,0
10/26/2020,RT - YouTube,1624.9079,49449,207,7.849796618,0.004186131,0,0,0,0,0
10/27/2020,Brand Search - Bing,5150.35,4288,720,7.153263889,0.167910448,0.133333,180,24,28.61305556,214.5979167
10/27/2020,Brand Search - Google,80581.23,12286,6138,13.12825513,0.499593033,0.120401,2691,324,29.94471572,248.7075
10/27/2020,Combined Audiences - Facebook,4076.3,175998,431,9.457772622,0.002448891,0,0,0,0,0
10/27/2020,Monetization ,148.9,22936,178,0.836516854,0.007760726,0,0,0,0,0
10/27/2020,NB Search - Bing,1318.87,2157,89,14.81876404,0.041261011,0.178571,28,5,47.1025,263.774
10/27/2020,NB Search - Google,64524.16,53408,3282,19.66001219,0.061451468,0.054974,764,42,84.45570681,1536.289524
10/27/2020,Prospecting - Discovery,3314.0218,203665,2910,1.138839107,0.014288169,0.055556,54,3,61.37077407,1104.673933
10/27/2020,Prospecting - Display,0,0,0,0,0,0,0,0,0,0
10/27/2020,Prospecting - Facebook,2564.49,132567,341,7.520498534,0.002572284,0.013699,146,2,17.565,1282.245
10/27/2020,Prospecting - Native,0,0,0,0,0,0.4,5,2,0,0
10/27/2020,Prospecting - YouTube,5127.9589,188705,615,8.338144553,0.003259055,0,20,0,256.397945,0
10/27/2020,RT - Discovery,2893.6555,177493,1623,1.782905422,0.009144023,0.071429,42,3,68.89655952,964.5518333
10/27/2020,RT - Display,1398.44,90005,326,4.289693252,0.003622021,0,14,0,99.88857143,0
10/27/2020,RT - Facebook,1423.31,47335,91,15.64076923,0.001922468,0.038462,26,1,54.74269231,1423.31
10/27/2020,RT - Native,0,0,0,0,0,0,0,0,0,0
10/27/2020,RT - YouTube,1595.8862,43236,186,8.580033333,0.004301971,0,0,0,0,0
10/27/2020,Smart Display,0,0,0,0,0,1,1,1,0,0
10/28/2020,Brand Search - Bing,5112.26,6142,794,6.43861461,0.129273852,0.142077,183,26,27.93584699,196.6253846
10/28/2020,Brand Search - Google,80304.86,13861,5885,13.64568564,0.424572542,0.125668,2618,329,30.67412529,244.0877204
10/28/2020,Combined Audiences - Facebook,4097.2899,202691,438,9.354543151,0.002160925,0,0,0,0,0
10/28/2020,Monetization ,147.35,22163,163,0.90398773,0.0073546,0,0,0,0,0
10/28/2020,NB Search - Bing,1139.36,2108,72,15.82444444,0.034155598,0.064516,31,2,36.75354839,569.68
10/28/2020,NB Search - Google,67525.82,107614,5756,11.73137943,0.053487464,0.056241,729,41,92.62801097,1646.97122
10/28/2020,Posts - Facebook,0,0,0,0,0,0,0,0,0,0
10/28/2020,Prospecting - Discovery,2955.6763,190981,2160,1.368368657,0.011310026,0.046154,65,3,45.47194308,985.2254333
10/28/2020,Prospecting - Display,0,0,0,0,0,0,0,0,0,0
10/28/2020,Prospecting - Facebook,2553.95,145819,367,6.958991826,0.002516819,0.014925,134,2,19.05932836,1276.975
10/28/2020,Prospecting - Native,0,0,0,0,0,0,4,0,0,0
10/28/2020,Prospecting - YouTube,5487.912,190034,628,8.738713376,0.003304672,0.071429,14,1,391.9937143,5487.912
10/28/2020,RT - Discovery,3561.1115,187179,1809,1.968552515,0.009664546,0.02381,42,1,84.78836905,3561.1115
10/28/2020,RT - Display,1326.51,63881,257,5.16151751,0.004023105,0.285714,7,2,189.5014286,663.255
10/28/2020,RT - Facebook,1363.49,48933,81,16.83320988,0.001655325,0.071429,28,2,48.69607143,681.745
10/28/2020,RT - Native,0,0,0,0,0,1,1,1,0,0
10/28/2020,RT - YouTube,1842.8246,49976,218,8.453323853,0.004362094,0,0,0,0,0
10/28/2020,Smart Display,0,0,0,0,0,1,1,1,0,0
10/29/2020,Brand Search - Bing,5957.62,5450,837,7.117825568,0.153577982,0.169725,218,37,27.32853211,161.0167568
10/29/2020,Brand Search - Google,94738.17,12957,6425,14.74524047,0.495870958,0.146821,2847,418,33.27649104,226.6463397
10/29/2020,Combined Audiences - Facebook,4084.67,212477,484,8.439400826,0.002277894,0,0,0,0,0
10/29/2020,Monetization ,151.16,14128,188,0.804042553,0.013306908,0,0,0,0,0
10/29/2020,NB Search - Bing,915.43,1850,72,12.71430556,0.038918919,0.05,20,1,45.7715,915.43
10/29/2020,NB Search - Google,65294.04,164942,7348,8.885960806,0.044548993,0.073548,775,57,84.25037419,1145.509474
10/29/2020,Posts - Facebook,0,0,0,0,0,0,0,0,0,0
10/29/2020,Prospecting - Discovery,2642.9032,160355,2027,1.30384963,0.012640703,0.027397,73,2,36.20415342,1321.4516
10/29/2020,Prospecting - Display,0,0,0,0,0,0,0,0,0,0
10/29/2020,Prospecting - Facebook,2544.7902,157241,355,7.168423099,0.002257681,0.012821,156,2,16.31275769,1272.3951
10/29/2020,Prospecting - Native,0,0,0,0,0,0,2,0,0,0
10/29/2020,Prospecting - Twitter,0,0,0,0,0,0,1,0,0,0
10/29/2020,Prospecting - YouTube,4829.3827,168431,543,8.893890792,0.003223872,0.0625,16,1,301.8364188,4829.3827
10/29/2020,RT - Discovery,3749.6955,162871,1679,2.233290947,0.010308772,0.022727,44,1,85.22035227,3749.6955
10/29/2020,RT - Display,778.84,62649,252,3.090634921,0.004022411,0,8,0,97.355,0
10/29/2020,RT - Facebook,1392.6899,49952,85,16.38458706,0.001701634,0,35,0,39.79114,0
10/29/2020,RT - Native,0,0,0,0,0,1,1,1,0,0
10/29/2020,RT - YouTube,2278.9682,63443,269,8.472000743,0.004240026,0,0,0,0,0
10/30/2020,Brand Search - Bing,5423.28,6180,854,6.350444965,0.138187702,0.20339,177,36,30.64,150.6466667
10/30/2020,Brand Search - Google,99520.14,13816,6785,14.66766986,0.491097279,0.184512,2970,548,33.50846465,181.6060949
10/30/2020,Combined Audiences - Facebook,4079.0001,189705,448,9.104910938,0.002361561,0,0,0,0,0
10/30/2020,Monetization ,150.95,9680,194,0.778092784,0.020041322,0,0,0,0,0
10/30/2020,NB Search - Bing,1136.93,1760,71,16.01309859,0.040340909,0.103448,29,3,39.20448276,378.9766667
10/30/2020,NB Search - Google,65301.22,210173,8403,7.771179341,0.039981349,0.094901,706,67,92.49464589,974.6450746
10/30/2020,Posts - Facebook,0,0,0,0,0,0,0,0,0,0
10/30/2020,Prospecting - Discovery,3122.9125,179773,2382,1.31104639,0.013250043,0.098592,71,7,43.9846831,446.1303571
10/30/2020,Prospecting - Display,0,0,0,0,0,0,0,0,0,0
10/30/2020,Prospecting - Facebook,2590.27,142354,322,8.04431677,0.002261967,0.025478,157,4,16.49853503,647.5675
10/30/2020,Prospecting - Native,0,0,0,0,0,0,5,0,0,0
10/30/2020,Prospecting - YouTube,4484.0973,152186,480,9.341869375,0.003154035,0,5,0,896.81946,0
10/30/2020,RT - Discovery,2578.2806,113123,1185,2.175764219,0.010475323,0.027778,36,1,71.61890556,2578.2806
10/30/2020,RT - Display,640.18,53223,248,2.581370968,0.00465964,0,6,0,106.6966667,0
10/30/2020,RT - Facebook,1404.73,47325,79,17.78139241,0.001669308,0.066667,30,2,46.82433333,702.365
10/30/2020,RT - Native,0,0,0,0,0,0,0,0,0,0
10/30/2020,RT - YouTube,2452.79,64764,282,8.697836879,0.004354271,0,0,0,0,0
10/31/2020,Brand Search - Bing,3191.33,4510,539,5.920834879,0.119512195,0.137615,109,15,29.27825688,212.7553333
10/31/2020,Brand Search - Google,57025.76,8244,4150,13.74114699,0.50339641,0.131208,1913,251,29.80959749,227.1942629
10/31/2020,Combined Audiences - Facebook,4080.9499,210103,347,11.76066254,0.001651571,0,0,0,0,0
10/31/2020,Monetization ,150.77,15191,172,0.876569767,0.011322494,0,0,0,0,0
10/31/2020,NB Search - Bing,806.65,1230,46,17.53586957,0.037398374,0,13,0,62.05,0
10/31/2020,NB Search - Google,41116.4,92552,3481,11.81166332,0.037611289,0.069307,505,35,81.41861386,1174.754286
10/31/2020,Posts - Facebook,0,0,0,0,0,0,0,0,0,0
10/31/2020,Prospecting - Discovery,2568.0388,177485,2615,0.982041606,0.014733639,0.025,40,1,64.20097,2568.0388
10/31/2020,Prospecting - Facebook,2543.57,146524,271,9.385867159,0.001849526,0.034188,117,4,21.73991453,635.8925
10/31/2020,Prospecting - Native,0,0,0,0,0,0,1,0,0,0
10/31/2020,Prospecting - YouTube,4489.7999,156030,558,8.04623638,0.003576235,0,9,0,498.8666556,0
10/31/2020,RT - Discovery,2294.1513,104476,1048,2.189075668,0.010031012,0,31,0,74.00488065,0
10/31/2020,RT - Display,846.03,45772,247,3.425222672,0.005396312,0,4,0,211.5075,0
10/31/2020,RT - Facebook,1531.15,58232,107,14.30981308,0.001837478,0.038462,26,1,58.89038462,1531.15
10/31/2020,RT - Native,0,0,0,0,0,0,0,0,0,0
10/31/2020,RT - YouTube,2305.5511,62964,279,8.263624014,0.004431103,0,0,0,0,0
11/1/2020,Brand Search - Bing,2583.72,4336,522,4.949655172,0.120387454,0.080808,99,8,26.09818182,322.965
11/1/2020,Brand Search - Google,47258.54,7360,3809,12.40707272,0.517527174,0.096942,1733,168,27.2697865,281.3008333
11/1/2020,Combined Audiences - Facebook,4263.32,274799,529,8.059206049,0.001925043,0,0,0,0,0
11/1/2020,Monetization ,153.11,9760,319,0.479968652,0.032684426,0,0,0,0,0
11/1/2020,NB Search - Bing,785.42,1127,49,16.02897959,0.043478261,0.176471,17,3,46.20117647,261.8066667
11/1/2020,NB Search - Google,36073.37,24130,1074,33.58786778,0.04450891,0.058943,492,29,73.31985772,1243.90931
11/1/2020,Posts - Facebook,0,0,0,0,0,0,0,0,0,0
11/1/2020,Prospecting - Discovery,3216.1888,184555,3451,0.931958505,0.018699033,0.046154,65,3,49.47982769,1072.062933
11/1/2020,Prospecting - Facebook,2378.12,162707,338,7.035857988,0.002077354,0.006061,165,1,14.41284848,2378.12
11/1/2020,Prospecting - Native,0,0,0,0,0,0,2,0,0,0
11/1/2020,Prospecting - YouTube,5114.4832,211657,700,7.306404571,0.003307238,0.1,10,1,511.44832,5114.4832
11/1/2020,RT - Discovery,2416.4927,113139,1331,1.815546732,0.01176429,0,27,0,89.49972963,0
11/1/2020,RT - Display,2184.39,107241,451,4.843436807,0.004205481,0.071429,14,1,156.0278571,2184.39
11/1/2020,RT - Facebook,1464.22,63808,110,13.31109091,0.001723922,0.038462,26,1,56.31615385,1464.22
11/1/2020,RT - YouTube,2302.0297,71543,321,7.171432087,0.004486812,0,0,0,0,0
11/2/2020,Brand Search - Bing,5088.71,5611,865,5.882901734,0.154161469,0.104072,221,23,23.0258371,221.2482609
11/2/2020,Brand Search - Google,93637.61,14126,6884,13.60220947,0.487328331,0.132558,3010,399,31.10884053,234.6807268
11/2/2020,Combined Audiences - Facebook,4090.25,230241,508,8.051673228,0.002206384,0,0,0,0,0
11/2/2020,Monetization ,149.86,14763,373,0.401769437,0.025265867,0,0,0,0,0
11/2/2020,NB Search - Bing,1668.85,2310,110,15.17136364,0.047619048,0.090909,44,4,37.92840909,417.2125
11/2/2020,NB Search - Google,55983.83,24996,1610,34.77256522,0.064410306,0.072,750,54,74.64510667,1036.737593
11/2/2020,Posts - Facebook,0,0,0,0,0,0,0,0,0,0
11/2/2020,Prospecting - Discovery,1803.284,103205,1640,1.099563415,0.015890703,0.108108,37,4,48.73740541,450.821
11/2/2020,Prospecting - Facebook,2414.66,150469,378,6.387989418,0.002512145,0.010753,186,2,12.98204301,1207.33
11/2/2020,Prospecting - Native,0,0,0,0,0,0,0,0,0,0
11/2/2020,Prospecting - YouTube,5072.1473,224031,670,7.570369104,0.002990658,0,10,0,507.21473,0
11/2/2020,RT - Discovery,2501.6474,108718,1264,1.979151424,0.01162641,0.064516,31,2,80.69830323,1250.8237
11/2/2020,RT - Display,2223.68,120103,358,6.211396648,0.002980775,0,18,0,123.5377778,0
11/2/2020,RT - Facebook,1416.62,56658,109,12.99651376,0.001923824,0.034483,29,1,48.84896552,1416.62
11/2/2020,RT - Native,0,0,0,0,0,0,0,0,0,0
11/2/2020,RT - YouTube,2469.0368,77874,351,7.034292877,0.004507281,0,0,0,0,0
11/3/2020,Brand Search - Bing,4970.03,5421,790,6.291177215,0.14572957,0.171875,192,33,25.88557292,150.6069697
11/3/2020,Brand Search - Google,70812.93,12569,5617,12.60689514,0.44689315,0.132448,2484,329,28.50762077,215.2368693
11/3/2020,Combined Audiences - Facebook,4090.1001,261227,531,7.702636723,0.002032715,0,0,0,0,0
11/3/2020,Monetization ,149.53,16547,421,0.355178147,0.025442678,0,0,0,0,0
11/3/2020,NB Search - Bing,1333.42,1965,84,15.87404762,0.042748092,0.153846,39,6,34.19025641,222.2366667
11/3/2020,NB Search - Google,46929.49,18635,1383,33.93310918,0.074215186,0.04978,683,34,68.71081991,1380.279118
11/3/2020,Posts - Facebook,0,0,0,0,0,0,0,0,0,0
11/3/2020,Prospecting - Discovery,0,0,0,0,0,1,4,4,0,0
11/3/2020,Prospecting - Facebook,2475.09,176284,380,6.513394737,0.002155613,0.01087,184,2,13.45157609,1237.545
11/3/2020,Prospecting - Native,0,0,0,0,0,0.333333,3,1,0,0
11/3/2020,Prospecting - YouTube,5037.1944,237881,777,6.482875676,0.003266339,0,9,0,559.6882667,0
11/3/2020,RT - Discovery,3224.6046,168345,1824,1.767875329,0.010834893,0.1,40,4,80.615115,806.15115
11/3/2020,RT - Display,153.73,18763,156,0.985448718,0.008314235,0.5,2,1,76.865,153.73
11/3/2020,RT - Facebook,1410.13,65055,117,12.05239316,0.001798478,0.033333,30,1,47.00433333,1410.13
11/3/2020,RT - Native,0,0,0,0,0,0,0,0,0,0
11/3/2020,RT - YouTube,2450.5627,73209,293,8.363695222,0.00400224,0,0,0,0,0
11/4/2020,Brand Search - Bing,5030.2,5347,728,6.909615385,0.136151113,0.136842,190,26,26.47473684,193.4692308
11/4/2020,Brand Search - Google,62209.13,11386,5047,12.32596196,0.443263657,0.135516,2199,298,28.28973624,208.7554698
11/4/2020,Combined Audiences - Facebook,4055.62,286524,587,6.909063032,0.002048694,0,0,0,0,0
11/4/2020,Monetization ,149.62,20014,431,0.347146172,0.021534926,0,0,0,0,0
11/4/2020,NB Search - Bing,908.73,1897,65,13.98046154,0.034264628,0.111111,27,3,33.65666667,302.91
11/4/2020,NB Search - Google,43932.34,15669,1329,33.05668924,0.084817155,0.056452,620,35,70.8586129,1255.209714
11/4/2020,Posts - Facebook,0,0,0,0,0,0,0,0,0,0
11/4/2020,Prospecting - Discovery,0,0,0,0,0,0,3,0,0,0
11/4/2020,Prospecting - Facebook,2585.34,203159,426,6.068873239,0.00209688,0.027174,184,5,14.05076087,517.068
11/4/2020,Prospecting - Native,0,0,0,0,0,1,1,1,0,0
11/4/2020,Prospecting - YouTube,4940.767,248639,832,5.938421875,0.003346217,0.083333,12,1,411.7305833,4940.767
11/4/2020,RT - Discovery,3355.8171,207646,2119,1.583679613,0.010204868,0.052632,38,2,88.31097632,1677.90855
11/4/2020,RT - Display,156.56,16350,157,0.997197452,0.009602446,0,2,0,78.28,0
11/4/2020,RT - Facebook,1411.62,72483,110,12.83290909,0.001517597,0.030303,33,1,42.77636364,1411.62
11/4/2020,RT - Native,0,0,0,0,0,0,0,0,0,0
11/4/2020,RT - YouTube,2302.1983,77094,399,5.769920551,0.0051755,0,0,0,0,0
11/5/2020,Brand Search - Bing,5161.33,4384,744,6.937271505,0.169708029,0.128866,194,25,26.60479381,206.4532
11/5/2020,Brand Search - Google,61623.69,11939,5248,11.74231898,0.439567803,0.135476,2458,333,25.07066314,185.0561261
11/5/2020,Combined Audiences - Facebook,4093.1302,261240,540,7.579870741,0.002067065,0,0,0,0,0
11/5/2020,Monetization ,149.53,18385,438,0.341392694,0.023823769,0,0,0,0,0
11/5/2020,NB Search - Bing,1159.82,1754,79,14.68126582,0.045039909,0.083333,36,3,32.21722222,386.6066667
11/5/2020,NB Search - Google,46984.54,15930,1398,33.60839771,0.087758945,0.065598,686,45,68.49058309,1044.100889
11/5/2020,Posts - Facebook,0,0,0,0,0,0,0,0,0,0
11/5/2020,Prospecting - Discovery,0,0,0,0,0,0,2,0,0,0
11/5/2020,Prospecting - Display,0,0,0,0,0,0,0,0,0,0
11/5/2020,Prospecting - Facebook,2636.3201,189903,457,5.768752954,0.002406492,0.014423,208,3,12.67461587,878.7733667
11/5/2020,Prospecting - Native,0,0,0,0,0,0,3,0,0,0
11/5/2020,Prospecting - YouTube,4873.0604,211839,755,6.454384636,0.003564027,0,15,0,324.8706933,0
11/5/2020,RT - Discovery,3299.9896,185258,1958,1.685387947,0.010569044,0.076923,39,3,84.61511795,1099.996533
11/5/2020,RT - Display,155.8,16526,161,0.967701863,0.009742224,0,0,1,0,155.8
11/5/2020,RT - Facebook,1446.9899,71484,144,10.04854097,0.002014437,0,33,0,43.84817879,0
11/5/2020,RT - YouTube,2310.9975,76658,435,5.312637931,0.005674555,0,0,0,0,0
11/6/2020,Brand Search - Bing,4923.67,3750,719,6.847941586,0.191733333,0.146739,184,27,26.75907609,182.3581481
11/6/2020,Brand Search - Google,64944.94,12608,5525,11.75474027,0.438213832,0.159539,2432,388,26.70433388,167.383866
11/6/2020,Combined Audiences - Facebook,4108,262763,510,8.054901961,0.001940913,0,0,0,0,0
11/6/2020,Monetization ,147.67,15441,362,0.407928177,0.023444077,0,0,0,0,0
11/6/2020,NB Search - Bing,796.28,1636,57,13.96982456,0.034841076,0.111111,18,2,44.23777778,398.14
11/6/2020,NB Search - Google,42847.91,14143,1329,32.24071482,0.093968748,0.092486,692,64,61.91894509,669.4985938
11/6/2020,Posts - Facebook,0,0,0,0,0,0,0,0,0,0
11/6/2020,Prospecting - Discovery,0,0,0,0,0,1,2,2,0,0
11/6/2020,Prospecting - Facebook,2756.8502,192708,428,6.441238785,0.002220977,0.011364,176,2,15.66392159,1378.4251
11/6/2020,Prospecting - Native,0,0,0,0,0,0.5,2,1,0,0
11/6/2020,Prospecting - YouTube,2937.9019,119393,394,7.456603807,0.003300026,0.25,4,1,734.475475,2937.9019
11/6/2020,RT - Discovery,3496.2792,146172,1704,2.051807042,0.011657499,0.04878,41,2,85.27510244,1748.1396
11/6/2020,RT - Display,0,0,0,0,0,0,3,0,0,0
11/6/2020,RT - Facebook,1709.17,87683,154,11.09850649,0.001756327,0.033333,30,1,56.97233333,1709.17
11/6/2020,RT - Native,0,0,0,0,0,0,0,0,0,0
11/6/2020,RT - YouTube,1431.2377,45528,267,5.360440824,0.005864523,0,0,0,0,0
11/7/2020,Brand Search - Bing,3146.96,2520,486,6.475226337,0.192857143,0.157895,152,24,20.70368421,131.1233333
11/7/2020,Brand Search - Google,41007.73,7812,3530,11.61692068,0.45186892,0.134082,1693,227,24.22193148,180.650793
11/7/2020,Combined Audiences - Facebook,4152.12,271166,569,7.297223199,0.002098346,0,0,0,0,0
11/7/2020,Monetization ,150.58,19170,337,0.446824926,0.017579551,0,0,0,0,0
11/7/2020,NB Search - Bing,594.38,1152,36,16.51055556,0.03125,0.058824,17,1,34.96352941,594.38
11/7/2020,NB Search - Google,28868.19,9636,878,32.87948747,0.091116646,0.074699,415,31,69.56190361,931.2319355
11/7/2020,Posts - Facebook,0,0,0,0,0,0,0,0,0,0
11/7/2020,Prospecting - Discovery,0,0,0,0,0,0.5,2,1,0,0
11/7/2020,Prospecting - Facebook,2681.81,186151,424,6.325023585,0.002277721,0.016667,180,3,14.89894444,893.9366667
11/7/2020,Prospecting - Native,0,0,0,0,0,0,0,0,0,0
11/7/2020,Prospecting - YouTube,0,0,0,0,0,0,1,0,0,0
11/7/2020,RT - Discovery,1296.1117,73749,653,1.984857121,0.008854357,0.047619,21,1,61.71960476,1296.1117
11/7/2020,RT - Display,0,426,0,0,0,0,0,0,0,0
11/7/2020,RT - Facebook,1835.84,98103,199,9.225326633,0.00202848,0.052632,38,2,48.31157895,917.92
11/7/2020,RT - YouTube,0,0,0,0,0,0,0,0,0,0
11/8/2020,Brand Search - Bing,2385.75,2882,411,5.804744526,0.142609299,0.075,120,9,19.88125,265.0833333
11/8/2020,Brand Search - Google,33940.01,6527,3011,11.27200598,0.46131454,0.082305,1458,120,23.27847051,282.8334167
11/8/2020,Combined Audiences - Facebook,4124.86,252484,548,7.527116788,0.002170435,0,0,0,0,0
11/8/2020,Monetization ,149.86,21965,355,0.422140845,0.016162076,0,0,0,0,0
11/8/2020,NB Search - Bing,435.27,1182,32,13.6021875,0.027072758,0.090909,11,1,39.57,435.27
11/8/2020,NB Search - Google,28087.46,9160,845,33.23959763,0.092248908,0.053659,410,22,68.506,1276.702727
11/8/2020,Posts - Facebook,0,0,0,0,0,0,0,0,0,0
11/8/2020,Prospecting - Discovery,0,0,0,0,0,0,0,0,0,0
11/8/2020,Prospecting - Facebook,2511.41,158706,436,5.760114679,0.002747218,0.004525,221,1,11.36384615,2511.41
11/8/2020,Prospecting - Native,0,0,0,0,0,0,0,0,0,0
11/8/2020,Prospecting - YouTube,0,0,0,0,0,0,2,0,0,0
11/8/2020,RT - Discovery,1663.1839,103276,974,1.707581006,0.009431039,0,26,0,63.96861154,0
11/8/2020,RT - Display,0,325,1,0,0.003076923,0,2,0,0,0
11/8/2020,RT - Facebook,1674.22,86180,143,11.70783217,0.001659318,0,28,0,59.79357143,0
11/8/2020,RT - YouTube,0,0,0,0,0,0,0,0,0,0
11/8/2020,Smart Display,0,0,0,0,0,0,1,0,0,0
11/9/2020,Brand Search - Bing,5066.79,6805,998,5.076943888,0.14665687,0.116402,189,22,26.8084127,230.3086364
11/9/2020,Brand Search - Google,62750.74,12593,5174,12.12809045,0.410863178,0.129622,2353,305,26.66839779,205.7401311
11/9/2020,Combined Audiences - Facebook,4318.4002,248489,627,6.887400638,0.002523251,0,0,0,0,0
11/9/2020,Monetization ,150.13,23792,363,0.413581267,0.015257229,0,0,0,0,0
11/9/2020,NB Search - Bing,1223.67,1899,83,14.74301205,0.043707214,0.04878,41,2,29.84560976,611.835
11/9/2020,NB Search - Google,49898.53,17255,1458,34.22395748,0.084497247,0.049929,701,35,71.18192582,1425.672286
11/9/2020,Posts - Facebook,0,0,0,0,0,0,0,0,0,0
11/9/2020,Prospecting - Discovery,0,0,0,0,0,1,1,1,0,0
11/9/2020,Prospecting - Facebook,2619.6202,147598,404,6.484208416,0.002737164,0.021834,229,5,11.43938952,523.92404
11/9/2020,Prospecting - Native,0,0,0,0,0,0,0,0,0,0
11/9/2020,Prospecting - YouTube,0,0,0,0,0,0.25,4,1,0,0
11/9/2020,RT - Discovery,1381.4987,67331,789,1.750948923,0.011718228,0.166667,18,3,76.74992778,460.4995667
11/9/2020,RT - Display,0,0,0,0,0,0,0,0,0,0
11/9/2020,RT - Facebook,1698.63,82485,177,9.596779661,0.002145845,0,51,0,33.30647059,0
11/9/2020,RT - Native,0,0,0,0,0,0,0,0,0,0
11/9/2020,RT - YouTube,0,0,0,0,0,0,0,0,0,0
11/10/2020,Brand Search - Bing,4977.89,5283,792,6.285214646,0.149914821,0.130631,222,29,22.42292793,171.6513793
11/10/2020,Brand Search - Google,55625.71,11780,4503,12.35303353,0.382258065,0.124942,2161,270,25.74072652,206.0211481
11/10/2020,Combined Audiences - Facebook,4294.2202,240916,698,6.152177937,0.002897275,0,0,0,0,0
11/10/2020,Monetization ,150.3,20489,338,0.444674556,0.016496657,0,0,0,0,0
11/10/2020,NB Search - Bing,807.03,1558,58,13.91431034,0.037227214,0.105263,19,2,42.47526316,403.515
11/10/2020,NB Search - Google,47894.27,16260,1415,33.84754064,0.08702337,0.066766,674,45,71.05974777,1064.317111
11/10/2020,Posts - Facebook,0,0,0,0,0,0,0,0,0,0
11/10/2020,Prospecting - Discovery,0.1519,43,0,0,0,0,0,0,0,0
11/10/2020,Prospecting - Display,17.7616,4868,31,0.572954839,0.006368118,0,0,0,0,0
11/10/2020,Prospecting - Facebook,2687.54,158558,480,5.599041667,0.003027283,0.003704,270,1,9.953851852,2687.54
11/10/2020,Prospecting - Native,0,0,0,0,0,0,2,0,0,0
11/10/2020,Prospecting - YouTube,0,0,0,0,0,0,3,0,0,0
11/10/2020,RT - Discovery,1539.4473,74930,930,1.655319677,0.012411584,0,26,0,59.20951154,0
11/10/2020,RT - Display,0,22,0,0,0,0,1,0,0,0
11/10/2020,RT - Facebook,1659.47,76624,164,10.11871951,0.002140322,0.03125,64,2,25.92921875,829.735
11/10/2020,RT - YouTube,0,0,0,0,0,0,0,0,0,0
11/11/2020,Brand Search - Bing,4195.57,5233,662,6.337719033,0.126504873,0.132075,159,21,26.3872327,199.7890476
11/11/2020,Brand Search - Google,46279.64,10285,3713,12.46421761,0.361011181,0.109544,1844,202,25.09741866,229.1071287
11/11/2020,Combined Audiences - Facebook,4179.52,228893,622,6.719485531,0.002717427,0,0,0,0,0
11/11/2020,Monetization ,149.58,19319,357,0.418991597,0.018479217,0,0,0,0,0
11/11/2020,NB Search - Bing,744.22,1276,54,13.78185185,0.042319749,0.153846,26,4,28.62384615,186.055
11/11/2020,NB Search - Google,34929.57,13358,1075,32.49262326,0.080476119,0.066277,513,34,68.08883041,1027.340294
11/11/2020,Posts - Facebook,0,0,0,0,0,0,0,0,0,0
11/11/2020,Prospecting - Discovery,0,171,0,0,0,0,0,0,0,0
11/11/2020,Prospecting - Display,30.5238,8669,55,0.554978182,0.006344446,0,0,0,0,0
11/11/2020,Prospecting - Facebook,2632.19,153044,429,6.135641026,0.002803115,0.004237,236,1,11.15334746,2632.19
11/11/2020,Prospecting - Native,0,0,0,0,0,0,0,0,0,0
11/11/2020,Prospecting - YouTube,0,0,0,0,0,0,1,0,0,0
11/11/2020,RT - Discovery,1383.9511,57238,720,1.922154306,0.012579056,0.090909,22,2,62.90686818,691.97555
11/11/2020,RT - Display,1.6891,452,3,0.563033333,0.006637168,0,1,0,1.6891,0
11/11/2020,RT - Facebook,1658.6299,66275,173,9.587456069,0.002610336,0.018519,54,1,30.71536852,1658.6299
11/11/2020,RT - YouTube,0,0,0,0,0,0,0,0,0,0
11/12/2020,Brand Search - Bing,5021.16,5347,761,6.598107753,0.142322798,0.133005,203,27,24.73477833,185.9688889
11/12/2020,Brand Search - Google,53609.87,12037,4216,12.71581357,0.350253385,0.131516,2091,275,25.63838833,194.9449818
11/12/2020,Combined Audiences - Facebook,3141.7302,173608,479,6.558935699,0.002759089,0,0,0,0,0
11/12/2020,Monetization ,107.54,7554,220,0.488818182,0.029123643,0,0,0,0,0
11/12/2020,NB Search - Bing,955.52,1375,68,14.05176471,0.049454545,0.166667,24,4,39.81333333,238.88
11/12/2020,NB Search - Google,41314.79,15220,1280,32.27717969,0.084099869,0.053712,633,34,65.26823065,1215.140882
11/12/2020,Posts - Facebook,0,0,0,0,0,0,0,0,0,0
11/12/2020,Prospecting - Discovery,3.47,1385,9,0.385555556,0.006498195,0,1,0,3.47,0
11/12/2020,Prospecting - Display,23.8668,7758,45,0.530373333,0.005800464,0,0,0,0,0
11/12/2020,Prospecting - Facebook,2154.5005,118247,400,5.38625125,0.00338275,0.02765,217,6,9.928573733,359.0834167
11/12/2020,Prospecting - Native,0,0,0,0,0,0,1,0,0,0
11/12/2020,Prospecting - YouTube,0,0,0,0,0,0,0,0,0,0
11/12/2020,RT - Discovery,1510.3124,67407,851,1.774750176,0.012624802,0.088235,34,3,44.42095294,503.4374667
11/12/2020,RT - Display,102.2006,12524,49,2.085726531,0.003912488,0,1,0,102.2006,0
11/12/2020,RT - Facebook,1438.5403,59453,114,12.61877456,0.001917481,0.02439,41,1,35.08634878,1438.5403
11/12/2020,RT - YouTube,0,0,0,0,0,0,0,0,0,0
11/13/2020,Brand Search - Bing,6034.74,5460,880,6.857659091,0.161172161,0.193069,202,39,29.8749505,154.7369231
11/13/2020,Brand Search - Google,58204.71,12904,4602,12.64769883,0.356633602,0.170455,2200,375,26.45668636,155.21256
11/13/2020,Combined Audiences - Facebook,2235.0899,101716,380,5.881815526,0.003735892,0,0,0,0,0
11/13/2020,Monetization ,48.55,3469,108,0.449537037,0.031132891,0,0,0,0,0
11/13/2020,NB Search - Bing,810.86,1280,60,13.51433333,0.046875,0.095238,21,2,38.61238095,405.43
11/13/2020,NB Search - Google,44251.96,14249,1320,33.52421212,0.09263808,0.07717,622,48,71.14463023,921.9158333
11/13/2020,Posts - Facebook,0,0,0,0,0,0,0,0,0,0
11/13/2020,Prospecting - Discovery,19.64,2944,16,1.2275,0.005434783,0,1,0,19.64,0
11/13/2020,Prospecting - Display,15.7185,5106,34,0.462308824,0.006658833,0,0,0,0,0
11/13/2020,Prospecting - Facebook,819.7101,35562,162,5.059938889,0.004555424,0.030769,130,4,6.305462308,204.927525
11/13/2020,Prospecting - Native,0,0,0,0,0,0,0,0,0,0
11/13/2020,Prospecting - YouTube,0,0,0,0,0,0,2,0,0,0
11/13/2020,RT - Discovery,1436.1163,72059,804,1.786214303,0.011157524,0.166667,18,3,79.78423889,478.7054333
11/13/2020,RT - Display,190.1593,24314,86,2.211154651,0.003537057,0,1,0,190.1593,0
11/13/2020,RT - Facebook,461.4901,13312,34,13.57323824,0.002554087,0.130435,23,3,20.06478696,153.8300333
11/13/2020,RT - Native,0,0,0,0,0,0,0,0,0,0
11/13/2020,RT - YouTube,0,0,0,0,0,0,0,0,0,0
11/14/2020,Brand Search - Bing,3261.81,3292,523,6.236730402,0.158869988,0.156522,115,18,28.36356522,181.2116667
11/14/2020,Brand Search - Google,39713.56,8350,3084,12.87728923,0.369341317,0.111111,1539,171,25.80478233,232.2430409
11/14/2020,Combined Audiences - Facebook,2286.92,122818,381,6.002414698,0.003102151,0,0,0,0,0
11/14/2020,Monetization ,49.74,2675,133,0.373984962,0.049719626,0,0,0,0,0
11/14/2020,NB Search - Bing,502.29,956,35,14.35114286,0.036610879,0,12,0,41.8575,0
11/14/2020,NB Search - Google,28558.64,9685,840,33.99838095,0.08673206,0.095465,419,40,68.15904535,713.966
11/14/2020,Posts - Facebook,0,0,0,0,0,0,0,0,0,0
11/14/2020,Prospecting - Discovery,10.62,1481,9,1.18,0.006076975,0,0,0,0,0
11/14/2020,Prospecting - Display,30.5075,5487,59,0.517076271,0.010752688,0,0,0,0,0
11/14/2020,Prospecting - Facebook,869.7902,44208,183,4.752951913,0.004139522,0.012658,158,2,5.505001266,434.8951
11/14/2020,Prospecting - Native,0,0,0,0,0,0,2,0,0,0
11/14/2020,Prospecting - YouTube,0,0,0,0,0,0,0,1,0,0
11/14/2020,RT - Discovery,1493.9294,61196,685,2.180918832,0.011193542,0.043478,23,1,64.95345217,1493.9294
11/14/2020,RT - Display,292.1216,36952,127,2.300170079,0.003436891,0,0,0,0,0
11/14/2020,RT - Facebook,478.41,15087,50,9.5682,0.003314111,0.111111,36,4,13.28916667,119.6025
11/14/2020,RT - YouTube,0,0,0,0,0,0,0,0,0,0
11/15/2020,Brand Search - Bing,2743.4,4035,439,6.249202733,0.108798017,0.127273,110,14,24.94,195.9571429
11/15/2020,Brand Search - Google,31652.7,6602,2558,12.37400313,0.387458346,0.104151,1325,138,23.88883019,229.3673913
11/15/2020,Combined Audiences - Facebook,2251.39,128537,387,5.81754522,0.003010806,0,0,0,0,0
11/15/2020,Monetization ,49.88,2522,160,0.31175,0.063441713,0,0,0,0,0
11/15/2020,NB Search - Bing,403.61,798,28,14.41464286,0.035087719,0.133333,15,2,26.90733333,201.805
11/15/2020,NB Search - Google,25979.48,8862,820,31.68229268,0.092529903,0.068293,410,28,63.36458537,927.8385714
11/15/2020,Posts - Facebook,0,0,0,0,0,0,0,0,0,0
11/15/2020,Prospecting - Discovery,21.23,1703,13,1.633076923,0.007633588,0,1,0,21.23,0
11/15/2020,Prospecting - Display,27.1866,4858,48,0.5663875,0.009880609,0,0,0,0,0
11/15/2020,Prospecting - Facebook,835.79,44346,205,4.07702439,0.004622739,0.006289,159,1,5.256540881,835.79
11/15/2020,Prospecting - Native,0,0,0,0,0,0,1,0,0,0
11/15/2020,Prospecting - YouTube,0,0,0,0,0,0,0,0,0,0
11/15/2020,RT - Discovery,1475.0649,70325,699,2.110250215,0.009939566,0,21,0,70.24118571,0
11/15/2020,RT - Display,212.8486,28490,103,2.066491262,0.003615304,0,0,0,0,0
11/15/2020,RT - Facebook,472.12,15120,60,7.868666667,0.003968254,0,29,0,16.28,0
11/15/2020,RT - YouTube,0,0,0,0,0,0,0,0,0,0
11/16/2020,Brand Search - Bing,5498.5,4674,844,6.514810427,0.180573385,0.123894,226,28,24.32964602,196.375
11/16/2020,Brand Search - Google,56505.86,12401,4384,12.8891104,0.353519877,0.116827,2080,243,27.16627885,232.5344033
11/16/2020,Combined Audiences - Facebook,1990.9599,100246,343,5.804547813,0.003421583,0,0,0,0,0
11/16/2020,Monetization ,30.28,1901,79,0.383291139,0.041557075,0,0,0,0,0
11/16/2020,NB Search - Bing,782.46,1377,55,14.22654545,0.039941903,0.043478,23,1,34.02,782.46
11/16/2020,NB Search - Google,44863.26,15495,1378,32.55679245,0.088931914,0.065951,652,43,68.80868098,1043.331628
11/16/2020,Posts - Facebook,0,0,0,0,0,0,0,0,0,0
11/16/2020,Prospecting - Discovery,10.05,2052,16,0.628125,0.007797271,0,0,0,0,0
11/16/2020,Prospecting - Display,18.4233,5128,33,0.558281818,0.006435257,0,0,0,0,0
11/16/2020,Prospecting - Facebook,594.6501,29087,129,4.609690698,0.004434971,0.016529,121,2,4.914463636,297.32505
11/16/2020,Prospecting - YouTube,0,0,0,0,0,0,0,0,0,0
11/16/2020,RT - Discovery,1490.114,57643,655,2.274983206,0.011363045,0.071429,28,2,53.21835714,745.057
11/16/2020,RT - Display,191.869,27745,87,2.205390805,0.0031357,0,0,0,0,0
11/16/2020,RT - Facebook,398.28,11618,34,11.71411765,0.002926493,0,26,0,15.31846154,0
11/16/2020,RT - YouTube,0,0,0,0,0,0,0,0,0,0
11/17/2020,Brand Search - Bing,4807.29,5009,763,6.30051114,0.152325814,0.060914,197,12,24.40248731,400.6075
11/17/2020,Brand Search - Google,57198.21,11376,4253,13.44890901,0.373857243,0.109368,2103,230,27.19838802,248.6878696
11/17/2020,Combined Audiences - Facebook,1798.81,80747,265,6.787962264,0.003281856,0,0,0,0,0
11/17/2020,Monetization ,24.48,1486,76,0.322105263,0.051144011,0,0,0,0,0
11/17/2020,NB Search - Bing,731.53,1507,55,13.30054545,0.03649635,0.1,20,2,36.5765,365.765
11/17/2020,NB Search - Google,40988.83,14915,1285,31.89792218,0.086154878,0.065625,640,42,64.04504688,975.9245238
11/17/2020,Posts - Facebook,0,0,0,0,0,0,0,0,0,0
11/17/2020,Prospecting - Discovery,13.95,3919,18,0.775,0.004593008,0,1,0,13.95,0
11/17/2020,Prospecting - Display,20.8121,4023,36,0.578113889,0.008948546,0,0,0,0,0
11/17/2020,Prospecting - Facebook,440.59,20621,131,3.363282443,0.006352747,0,101,0,4.362277228,0
11/17/2020,Prospecting - Native,0,0,0,0,0,0,0,0,0,0
11/17/2020,Prospecting - YouTube,0,0,0,0,0,0,1,0,0,0
11/17/2020,RT - Discovery,1415.2564,61293,601,2.35483594,0.009805361,0,26,0,54.43293846,0
11/17/2020,RT - Display,220.2279,39070,136,1.619322794,0.003480932,0,3,0,73.4093,0
11/17/2020,RT - Facebook,318.69,7138,23,13.85608696,0.003222191,0,22,0,14.48590909,0
11/17/2020,RT - YouTube,0,0,0,0,0,0,0,0,0,0
11/18/2020,Brand Search - Bing,4815.22,5839,798,6.034110276,0.136667238,0.167568,185,31,26.02821622,155.3296774
11/18/2020,Brand Search - Google,69058.46,11426,4572,15.10465004,0.400140032,0.11826,2207,261,31.29064794,264.5918008
11/18/2020,Combined Audiences - Facebook,1796.7801,77524,311,5.777427974,0.004011661,0,0,0,0,0
11/18/2020,Monetization ,24.47,1471,74,0.330675676,0.050305914,0,0,0,0,0
11/18/2020,NB Search - Bing,783.73,1425,61,12.84803279,0.042807018,0.130435,23,3,34.07521739,261.2433333
11/18/2020,NB Search - Google,38669.88,14438,1221,31.67066339,0.0845685,0.060034,583,35,66.32912521,1104.853714
11/18/2020,Posts - Facebook,0,0,0,0,0,0,0,0,0,0
11/18/2020,Prospecting - Discovery,12.52,2508,26,0.481538462,0.010366826,0,1,0,12.52,0
11/18/2020,Prospecting - Display,12.4851,2906,23,0.542830435,0.007914659,0,0,0,0,0
11/18/2020,Prospecting - Facebook,438.74,19487,105,4.17847619,0.005388208,0.009524,105,1,4.17847619,438.74
11/18/2020,Prospecting - Native,0,0,0,0,0,0,0,0,0,0
11/18/2020,Prospecting - YouTube,0,0,0,0,0,0,0,0,0,0
11/18/2020,RT - Discovery,1504.3672,58176,622,2.418596785,0.010691694,0.038462,26,1,57.86027692,1504.3672
11/18/2020,RT - Display,247.0007,27850,133,1.85714812,0.004775583,0,1,0,247.0007,0
11/18/2020,RT - Facebook,317.83,6789,27,11.77148148,0.003977022,0.043478,23,1,13.81869565,317.83
11/18/2020,RT - YouTube,0,0,0,0,0,0,0,0,0,0
11/19/2020,Brand Search - Bing,5419.34,6560,793,6.833972257,0.120884146,0.130208,192,25,28.22572917,216.7736
11/19/2020,Brand Search - Google,91030.0308,11855,5429,16.76736614,0.457950232,0.125386,2592,325,35.11961065,280.0924025
11/19/2020,Combined Audiences - Facebook,1695.7603,74775,259,6.547337066,0.003463725,0,0,0,0,0
11/19/2020,Monetization ,24.42,1741,69,0.353913043,0.039632395,0,0,0,0,0
11/19/2020,NB Search - Bing,602.81,1351,45,13.39577778,0.03330866,0.066667,15,1,40.18733333,602.81
11/19/2020,NB Search - Google,40569.65,14035,1238,32.77031502,0.088208051,0.070492,610,43,66.50762295,943.4802326
11/19/2020,Posts - Facebook,0,0,0,0,0,0,0,0,0,0
11/19/2020,Prospecting - Discovery,76.85,1893,16,4.803125,0.008452192,0,1,0,76.85,0
11/19/2020,Prospecting - Display,7.0303,2718,16,0.43939375,0.005886681,0,0,0,0,0
11/19/2020,Prospecting - Facebook,431.1,20607,101,4.268316832,0.004901247,0.009615,104,1,4.145192308,431.1
11/19/2020,Prospecting - YouTube,0,0,0,0,0,0,1,0,0,0
11/19/2020,RT - Discovery,1456.7355,47732,475,3.066811579,0.009951395,0.073171,41,3,35.53013415,485.5785
11/19/2020,RT - Display,225.5171,40629,126,1.789818254,0.003101233,0,0,0,0,0
11/19/2020,RT - Facebook,319.74,6865,24,13.3225,0.003495994,0,18,0,17.76333333,0
11/19/2020,RT - YouTube,0,0,0,0,0,0,0,0,0,0
11/20/2020,Brand Search - Bing,5327.34,5139,750,7.10312,0.14594279,0.195876,194,38,27.46051546,140.1931579
11/20/2020,Brand Search - Google,99491.13,13642,6107,16.29132635,0.447661633,0.142661,2916,416,34.11904321,239.1613702
11/20/2020,Combined Audiences - Facebook,1711.39,71673,283,6.047314488,0.003948488,0,0,0,0,0
11/20/2020,Monetization ,24.63,1512,63,0.390952381,0.041666667,0,0,0,0,0
11/20/2020,NB Search - Bing,560.99,1220,45,12.46644444,0.036885246,0.214286,14,3,40.07071429,186.9966667
11/20/2020,NB Search - Google,43035.01,13570,1311,32.82609458,0.096610169,0.083582,670,56,64.23135821,768.4823214
11/20/2020,Posts - Facebook,0,0,0,0,0,0,0,0,0,0
11/20/2020,Prospecting - Discovery,90.8887,3716,17,5.346394118,0.004574812,0,0,0,0,0
11/20/2020,Prospecting - Display,3.9519,1218,6,0.65865,0.004926108,0,0,0,0,0
11/20/2020,Prospecting - Facebook,433.94,18190,94,4.616382979,0.005167675,0.037736,106,4,4.093773585,108.485
11/20/2020,Prospecting - YouTube,0,0,0,0,0,0,0,0,0,0
11/20/2020,RT - Discovery,1368.4886,47817,502,2.726072908,0.010498358,0.083333,36,3,38.01357222,456.1628667
11/20/2020,RT - Display,209.02,27267,97,2.154845361,0.003557414,1,1,1,209.02,209.02
11/20/2020,RT - Facebook,314.74,7382,33,9.537575758,0.004470333,0.03125,32,1,9.835625,314.74
11/20/2020,RT - YouTube,0,0,0,0,0,0,0,0,0,0
11/21/2020,Brand Search - Bing,2905.92,2824,442,6.574479638,0.156515581,0.180451,133,24,21.84902256,121.08
11/21/2020,Brand Search - Google,59362.84,7881,3874,15.32339701,0.491561985,0.126687,1926,244,30.82182762,243.2903279
11/21/2020,Combined Audiences - Facebook,1842.95,79580,288,6.399131944,0.003619,0,0,0,0,0
11/21/2020,Monetization ,24.88,1548,65,0.382769231,0.041989664,0,0,0,0,0
11/21/2020,NB Search - Bing,449.18,769,36,12.47722222,0.046814044,0.111111,9,1,49.90888889,449.18
11/21/2020,NB Search - Google,29731.08,9661,875,33.97837714,0.090570334,0.065022,446,29,66.66161435,1025.209655
11/21/2020,Posts - Facebook,0,0,0,0,0,0,0,0,0,0
11/21/2020,Prospecting - Discovery,74.9992,7585,51,1.470572549,0.006723797,0,0,0,0,0
11/21/2020,Prospecting - Display,7.3375,2137,14,0.524107143,0.00655124,0,0,0,0,0
11/21/2020,Prospecting - Facebook,465.2101,20779,120,3.876750833,0.005775061,0,118,0,3.942458475,0
11/21/2020,Prospecting - YouTube,0,0,0,0,0,0,2,0,0,0
11/21/2020,RT - Discovery,1457.048,58600,593,2.457079258,0.010119454,0.041667,24,1,60.71033333,1457.048
11/21/2020,RT - Display,189.0006,26974,91,2.07692967,0.003373619,0,0,0,0,0
11/21/2020,RT - Facebook,324.14,6577,27,12.00518519,0.004105215,0.058824,17,1,19.06705882,324.14
11/21/2020,RT - YouTube,0,0,0,0,0,0,0,0,0,0
11/22/2020,Brand Search - Bing,2297.64,2491,342,6.718245614,0.137294259,0.147368,95,14,24.18568421,164.1171429
11/22/2020,Brand Search - Google,42489.09,6328,3070,13.84009446,0.485145386,0.097784,1534,150,27.69823338,283.2606
11/22/2020,Combined Audiences - Facebook,1860.22,82062,328,5.671402439,0.003996978,0,0,0,0,0
11/22/2020,Monetization ,24.94,1476,46,0.542173913,0.031165312,0,0,0,0,0
11/22/2020,NB Search - Bing,373.15,753,25,14.926,0.033200531,0.111111,9,1,41.46111111,373.15
11/22/2020,NB Search - Google,28771.11,8678,837,34.37408602,0.096450795,0.038554,415,16,69.3279759,1798.194375
11/22/2020,Posts - Facebook,0,0,0,0,0,0,0,0,0,0
11/22/2020,Prospecting - Discovery,32.4464,4505,27,1.201718519,0.005993341,0,0,0,0,0
11/22/2020,Prospecting - Display,14.9361,2069,24,0.6223375,0.011599807,0,0,0,0,0
11/22/2020,Prospecting - Facebook,439.67,19467,107,4.109065421,0.005496481,0.014925,134,2,3.281119403,219.835
11/22/2020,Prospecting - YouTube,0,0,0,0,0,0,0,0,0,0
11/22/2020,RT - Discovery,1613.0566,54647,715,2.256023217,0.013083975,0.032258,31,1,52.03408387,1613.0566
11/22/2020,RT - Display,193.3684,22500,101,1.914538614,0.004488889,0,0,0,0,0
11/22/2020,RT - Facebook,319.43,5707,31,10.30419355,0.005431926,0.032258,31,1,10.30419355,319.43
11/22/2020,RT - YouTube,0,0,0,0,0,0,0,0,0,0
11/23/2020,Brand Search - Bing,4886.41,6440,752,6.497885638,0.116770186,0.111111,189,21,25.85402116,232.6861905
11/23/2020,Brand Search - Google,84469.74,11790,5686,14.85574042,0.482273113,0.10269,2639,271,32.00823797,311.6964576
11/23/2020,Monetization ,25,1547,66,0.378787879,0.042663219,0,0,0,0,0
11/23/2020,NB Search - Bing,866.14,1317,54,16.03962963,0.041002278,0.05,20,1,43.307,866.14
11/23/2020,NB Search - Google,45228.46,14528,1347,33.57717892,0.092717511,0.05255,647,34,69.90488408,1330.248824
11/23/2020,Posts - Facebook,0,0,0,0,0,0,0,0,0,0
11/23/2020,Prospecting - Discovery,22.8755,4621,30,0.762516667,0.006492101,0,1,0,22.8755,0
11/23/2020,Prospecting - Display,13.2325,2084,21,0.630119048,0.010076775,0,0,0,0,0
11/23/2020,Prospecting - Facebook,448.61,20391,104,4.313557692,0.005100289,0.025,40,1,11.21525,448.61
11/23/2020,Prospecting - YouTube,0,0,0,0,0,0,0,0,0,0
11/23/2020,RT - Discovery,1643.1251,46139,1228,1.338049756,0.026615228,0.111111,36,4,45.64236389,410.781275
11/23/2020,RT - Display,180.3867,21587,92,1.960725,0.004261824,0,1,0,180.3867,0
11/23/2020,RT - Facebook,323.96,6565,28,11.57,0.004265042,0,6,0,53.99333333,0
11/23/2020,RT - YouTube,0,0,0,0,0,0,0,0,0,0
11/24/2020,Brand Search - Bing,4085.67,4269,613,6.665040783,0.143593347,0.115607,173,20,23.6165896,204.2835
11/24/2020,Brand Search - Google,74098.13,10705,5076,14.59774035,0.474170948,0.123401,2423,299,30.58115147,247.8198328
11/24/2020,Monetization ,25,1009,69,0.362318841,0.068384539,0,0,0,0,0
11/24/2020,NB Search - Bing,691.11,1134,48,14.398125,0.042328042,0.125,16,2,43.194375,345.555
11/24/2020,NB Search - Google,43475.24,13396,1301,33.41678709,0.097118543,0.058085,637,37,68.2499843,1175.006486
11/24/2020,Posts - Facebook,0,0,0,0,0,0,0,0,0,0
11/24/2020,Prospecting - Discovery,29.3518,7899,55,0.533669091,0.006962907,0,0,0,0,0
11/24/2020,Prospecting - Display,10.4061,2022,18,0.578116667,0.008902077,0,0,0,0,0
11/24/2020,Prospecting - Facebook,454.19,22876,133,3.414962406,0.005813953,0,50,0,9.0838,0
11/24/2020,Prospecting - YouTube,0,0,0,0,0,1,1,1,0,0
11/24/2020,RT - Discovery,1408.3114,47880,1183,1.19045765,0.024707602,0.060606,33,2,42.67610303,704.1557
11/24/2020,RT - Display,181.9565,27908,99,1.837944444,0.00354737,0,1,0,181.9565,0
11/24/2020,RT - Facebook,324.77,8793,23,14.12043478,0.002615717,0,7,0,46.39571429,0
11/24/2020,RT - Native,0,0,0,0,0,0,0,0,0,0
11/24/2020,RT - YouTube,0,0,0,0,0,0,0,0,0,0
11/25/2020,Brand Search - Bing,3702.56,3617,560,6.611714286,0.15482444,0.125828,151,19,24.5202649,194.8715789
11/25/2020,Brand Search - Google,67613.34,9841,4685,14.4318762,0.476069505,0.16129,2139,345,31.60978962,195.9806957
11/25/2020,Monetization ,24.5,958,73,0.335616438,0.076200418,0,0,0,0,0
11/25/2020,NB Search - Bing,481.29,917,37,13.00783784,0.040348964,0,9,0,53.47666667,0
11/25/2020,NB Search - Google,32645.41,11012,981,33.27768603,0.089084635,0.067864,501,34,65.160499,960.1591176
11/25/2020,Posts - Facebook,0,0,0,0,0,0,0,0,0,0
11/25/2020,Prospecting - Discovery,88.6716,7621,120,0.73893,0.015745965,0,0,0,0,0
11/25/2020,Prospecting - Display,8.7648,1775,15,0.58432,0.008450704,0,0,0,0,0
11/25/2020,Prospecting - Facebook,437.86,22202,130,3.368153846,0.005855328,0.015873,63,1,6.95015873,437.86
11/25/2020,Prospecting - YouTube,0,0,0,0,0,0,0,0,0,0
11/25/2020,RT - Discovery,1445.2313,57190,1246,1.159896709,0.021787026,0.190476,21,4,68.8205381,361.307825
11/25/2020,RT - Display,171.4266,25347,95,1.804490526,0.003747978,0,0,0,0,0
11/25/2020,RT - Facebook,318.23,8235,23,13.83608696,0.002792957,0.25,4,1,79.5575,318.23
11/25/2020,RT - YouTube,0,0,0,0,0,0,0,0,0,0
11/26/2020,Brand Search - Bing,1483.26,2131,236,6.285,0.110746129,0.09589,73,7,20.31863014,211.8942857
11/26/2020,Brand Search - Google,32261.91,4559,2231,14.46073958,0.489361702,0.099181,1099,109,29.35569609,295.9808257
11/26/2020,Monetization ,24.76,1037,56,0.442142857,0.054001929,0,0,0,0,0
11/26/2020,NB Search - Bing,234.65,547,19,12.35,0.034734918,0,7,0,33.52142857,0
11/26/2020,NB Search - Google,21422.03,6108,629,34.0572814,0.102979699,0.047619,336,16,63.75604167,1338.876875
11/26/2020,Posts - Facebook,0,0,0,0,0,0,0,0,0,0
11/26/2020,Prospecting - Discovery,75.3418,6577,148,0.509066216,0.022502661,0,0,0,0,0
11/26/2020,Prospecting - Display,2.8075,856,5,0.5615,0.005841122,0,0,0,0,0
11/26/2020,Prospecting - Facebook,441.87,22043,106,4.168584906,0.004808783,0,36,0,12.27416667,0
11/26/2020,Prospecting - YouTube,0,0,0,0,0,0,0,0,0,0
11/26/2020,RT - Discovery,1542.7382,67845,1768,0.87258948,0.0260594,0,20,0,77.13691,0
11/26/2020,RT - Display,179.6363,20108,86,2.088794186,0.004276905,0,0,0,0,0
11/26/2020,RT - Facebook,322.34,7831,24,13.43083333,0.003064743,0,2,0,161.17,0
11/26/2020,RT - YouTube,0,0,0,0,0,0,0,0,0,0
11/27/2020,Brand Search - Bing,3902.7,3424,569,6.85887522,0.166179907,0.121951,164,20,23.79695122,195.135
11/27/2020,Brand Search - Google,80446.4,10519,5439,14.79066005,0.51706436,0.141322,2512,355,32.02484076,226.6095775
11/27/2020,Monetization ,25.11,1020,55,0.456545455,0.053921569,0,0,0,0,0
11/27/2020,NB Search - Bing,501.28,910,38,13.19157895,0.041758242,0,17,0,29.48705882,0
11/27/2020,NB Search - Google,39145.37,12409,1240,31.56884677,0.099927472,0.082024,573,47,68.31652705,832.8802128
11/27/2020,Posts - Facebook,0,0,0,0,0,0,0,0,0,0
11/27/2020,Prospecting - Discovery,129.3221,6382,166,0.779048795,0.026010655,0,0,0,0,0
11/27/2020,Prospecting - Display,6.7882,1087,13,0.522169231,0.011959522,0,0,0,0,0
11/27/2020,Prospecting - Facebook,466.16,21534,122,3.820983607,0.005665459,0.019608,51,1,9.140392157,466.16
11/27/2020,Prospecting - YouTube,0,0,0,0,0,0,0,1,0,0
11/27/2020,RT - Discovery,1652.1322,47465,1444,1.144135873,0.030422417,0.21875,32,7,51.62913125,236.0188857
11/27/2020,RT - Display,184.2671,25388,95,1.939653684,0.003741925,0,0,0,0,0
11/27/2020,RT - Facebook,332.44,7359,16,20.7775,0.002174208,0,2,0,166.22,0
11/27/2020,RT - YouTube,0,0,0,0,0,0,0,0,0,0
11/28/2020,Brand Search - Bing,2873.3,3277,420,6.841190476,0.128166005,0.111111,126,14,22.80396825,205.2357143
11/28/2020,Brand Search - Google,57266.23,7560,3906,14.66109319,0.516666667,0.126528,1881,238,30.44456672,240.6144118
11/28/2020,Monetization ,25.68,1183,47,0.546382979,0.039729501,0,0,0,0,0
11/28/2020,NB Search - Bing,361.46,715,31,11.66,0.043356643,0.066667,15,1,24.09733333,361.46
11/28/2020,NB Search - Google,33800,9589,1034,32.68858801,0.107831891,0.064516,465,30,72.68817204,1126.666667
11/28/2020,Posts - Facebook,0,0,0,0,0,0,0,0,0,0
11/28/2020,Prospecting - Discovery,117.5984,4119,87,1.351705747,0.021121631,0,0,1,0,117.5984
11/28/2020,Prospecting - Display,7.1184,1754,14,0.508457143,0.007981756,0,0,0,0,0
11/28/2020,Prospecting - Facebook,461.64,21533,140,3.297428571,0.006501649,0,70,0,6.594857143,0
11/28/2020,Prospecting - YouTube,0,0,0,0,0,0,0,0,0,0
11/28/2020,RT - Discovery,1322.9872,46903,1377,0.960775018,0.029358463,0,27,0,48.99952593,0
11/28/2020,RT - Display,181.0821,23680,87,2.081403448,0.003673986,0,0,0,0,0
11/28/2020,RT - Facebook,333.82,8207,30,11.12733333,0.003655416,0,7,0,47.68857143,0
11/28/2020,RT - YouTube,0,0,0,0,0,0,0,0,0,0
11/29/2020,Brand Search - Bing,2777.34,2719,389,7.139691517,0.143067304,0.087719,114,10,24.36263158,277.734
11/29/2020,Brand Search - Google,42669.89,6360,3215,13.27212753,0.505503145,0.079688,1669,133,25.5661414,320.8262406
11/29/2020,Monetization ,24.99,1221,58,0.430862069,0.047502048,0,0,0,0,0
11/29/2020,NB Search - Bing,413.64,661,31,13.34322581,0.046898638,0.181818,11,2,37.60363636,206.82
11/29/2020,NB Search - Google,33085.48,10952,1337,24.74605834,0.122078159,0.056842,475,27,69.65364211,1225.388148
11/29/2020,Posts - Facebook,0,0,0,0,0,0,0,0,0,0
11/29/2020,Prospecting - Discovery,44.7204,3767,82,0.545370732,0.021767985,0,0,0,0,0
11/29/2020,Prospecting - Display,3.8442,1241,8,0.480525,0.006446414,0,0,0,0,0
11/29/2020,Prospecting - Facebook,444.82,21725,152,2.926447368,0.006996548,0.012987,77,1,5.776883117,444.82
11/29/2020,Prospecting - YouTube,0,0,0,0,0,0,1,0,0,0
11/29/2020,RT - Discovery,1650.296,55314,1701,0.970191652,0.030751708,0,24,0,68.76233333,0
11/29/2020,RT - Display,178.2668,20545,82,2.173985366,0.003991239,0,0,0,0,0
11/29/2020,RT - Facebook,320.47,7056,27,11.86925926,0.003826531,0.125,8,1,40.05875,320.47
11/29/2020,RT - YouTube,0,0,0,0,0,0,0,0,0,0
11/30/2020,Brand Search - Bing,5574.27,4973,832,6.69984375,0.167303439,0.102679,224,23,24.88513393,242.3595652
11/30/2020,Brand Search - Google,96802.74,13567,6626,14.60952913,0.488390949,0.122266,3018,369,32.07512922,262.3380488
11/30/2020,Monetization ,24.99,1069,63,0.396666667,0.058933583,0,0,0,0,0
11/30/2020,NB Search - Bing,1043.76,1360,79,13.2121519,0.058088235,0.217391,23,5,45.38086957,208.752
11/30/2020,NB Search - Google,52886.5,18502,2023,26.14260999,0.109339531,0.0674,727,49,72.74621733,1079.316327
11/30/2020,Posts - Facebook,0,0,0,0,0,0,0,0,0,0
11/30/2020,Prospecting - Discovery,134.5077,2398,78,1.724457692,0.032527106,0,1,0,134.5077,0
11/30/2020,Prospecting - Display,1.4051,319,3,0.468366667,0.009404389,0,0,0,0,0
11/30/2020,Prospecting - Facebook,453.8399,21599,147,3.087346259,0.006805871,0,64,0,7.091248438,0
11/30/2020,Prospecting - YouTube,0,0,0,0,0,0,1,0,0,0
11/30/2020,RT - Discovery,1369.6387,34993,1149,1.192026719,0.032835138,0.034483,29,1,47.22892069,1369.6387
11/30/2020,RT - Display,165.815,23298,82,2.022134146,0.003519615,0,0,1,0,165.815
11/30/2020,RT - Facebook,326.79,7668,29,11.26862069,0.003781951,0.090909,11,1,29.70818182,326.79
11/30/2020,RT - Native,0,0,0,0,0,0,0,0,0,0
11/30/2020,RT - YouTube,0,0,0,0,0,0,0,0,0,0
12/1/2020,Brand Search - Bing,5566.41,4858,823,6.763560146,0.16941128,0.147783,203,30,27.42073892,185.547
12/1/2020,Brand Search - Google,93102.4,13192,6386,14.57914187,0.484081261,0.131296,2978,391,31.26339825,238.113555
12/1/2020,Monetization ,99.7,6614,228,0.437280702,0.034472331,0,0,0,0,0
12/1/2020,NB Search - Bing,643.13,1347,52,12.36788462,0.038604306,0.055556,18,1,35.72944444,643.13
12/1/2020,NB Search - Google,55022.71,16096,1608,34.21810323,0.099900596,0.082278,790,65,69.649,846.5032308
12/1/2020,Posts - Facebook,0,0,0,0,0,0,0,0,0,0
12/1/2020,Prospecting - Discovery,1367.2651,92489,919,1.487774864,0.009936317,0,31,0,44.10532581,0
12/1/2020,Prospecting - Display,3.7882,725,9,0.420911111,0.012413793,0,0,0,0,0
12/1/2020,Prospecting - Facebook,988.5,51258,223,4.432735426,0.00435054,0.010101,99,1,9.984848485,988.5
12/1/2020,Prospecting - YouTube,0,0,0,0,0,0,1,0,0,0
12/1/2020,RT - Discovery,1810.559,55373,1846,0.980801192,0.033337547,0,48,0,37.71997917,0
12/1/2020,RT - Display,17.7883,1092,8,2.2235375,0.007326007,0,1,0,17.7883,0
12/1/2020,RT - Facebook,1103.46,35626,128,8.62078125,0.003592882,0.026316,38,1,29.03842105,1103.46
12/1/2020,RT - YouTube,0,0,0,0,0,0,0,0,0,0
12/2/2020,Brand Search - Bing,5072.98,5585,722,7.026288089,0.129274843,0.118483,211,25,24.04255924,202.9192
12/2/2020,Brand Search - Google,83441.41,11987,5695,14.65169622,0.475098023,0.12081,2715,328,30.73348435,254.3945427
12/2/2020,Monetization ,145.89,15155,212,0.688160377,0.013988783,0,0,0,0,0
12/2/2020,NB Search - Bing,705.94,1333,59,11.96508475,0.044261065,0.047619,21,1,33.61619048,705.94
12/2/2020,NB Search - Google,53484.75,15182,1540,34.73035714,0.101435911,0.072633,771,56,69.37062257,955.0848214
12/2/2020,Posts - Facebook,0,0,0,0,0,0,0,0,0,0
12/2/2020,Prospecting - Discovery,2418.1268,152094,1755,1.377850028,0.011538917,0.053333,75,4,32.24169067,604.5317
12/2/2020,Prospecting - Display,8.6008,1257,16,0.53755,0.012728719,0,0,0,0,0
12/2/2020,Prospecting - Facebook,1301.34,56892,297,4.381616162,0.005220418,0.033333,120,4,10.8445,325.335
12/2/2020,Prospecting - YouTube,0,0,0,0,0,0,0,0,0,0
12/2/2020,RT - Discovery,2393.944,84384,2373,1.008825959,0.028121445,0.028571,35,1,68.3984,2393.944
12/2/2020,RT - Display,7.6884,1314,6,1.2814,0.00456621,0,0,0,0,0
12/2/2020,RT - Facebook,1528.6,38898,181,8.445303867,0.004653196,0.065217,46,3,33.23043478,509.5333333
12/2/2020,RT - YouTube,0,0,0,0,0,0,0,0,0,0
12/3/2020,Brand Search - Bing,6702.8,5005,791,8.473830594,0.158041958,0.161826,241,39,27.81244813,171.8666667
12/3/2020,Brand Search - Google,102222.89,13019,6473,15.79219682,0.497196405,0.134428,2983,401,34.26848475,254.9199252
12/3/2020,Monetization ,146.44,11896,261,0.561072797,0.021940148,0,0,0,0,0
12/3/2020,NB Search - Bing,678.77,1695,53,12.80698113,0.031268437,0.090909,22,2,30.85318182,339.385
12/3/2020,NB Search - Google,55215.46,15698,1557,35.46272319,0.09918461,0.069372,764,53,72.2715445,1041.801132
12/3/2020,Posts - Facebook,0,0,0,0,0,0,0,0,0,0
12/3/2020,Prospecting - Discovery,2179.8653,159720,2391,0.911696069,0.014969947,0,53,0,41.12953396,0
12/3/2020,Prospecting - Display,4.9606,837,10,0.49606,0.011947431,0,0,0,0,0
12/3/2020,Prospecting - Facebook,1324.74,54600,308,4.301103896,0.005641026,0.032258,124,4,10.6833871,331.185
12/3/2020,Prospecting - YouTube,0,0,0,0,0,0,0,0,0,0
12/3/2020,RT - Discovery,2053.6988,65853,2458,0.835516192,0.037325558,0.054054,37,2,55.50537297,1026.8494
12/3/2020,RT - Display,3.3171,1023,4,0.829275,0.003910068,0,0,0,0,0
12/3/2020,RT - Facebook,1548.05,40909,165,9.382121212,0.004033342,0.043478,46,2,33.65326087,774.025
12/3/2020,RT - YouTube,0,0,0,0,0,0,0,0,0,0
12/4/2020,Brand Search - Bing,7136.27,5927,786,9.079223919,0.132613464,0.136986,219,30,32.58570776,237.8756667
12/4/2020,Brand Search - Google,104862.53,13428,6652,15.76406043,0.495382782,0.140705,3120,439,33.60978526,238.8668109
12/4/2020,Monetization ,148.46,13359,235,0.631744681,0.017591137,0,0,0,0,0
12/4/2020,NB Search - Bing,462.83,1923,42,11.0197619,0.021840874,0.090909,11,1,42.07545455,462.83
12/4/2020,NB Search - Google,53117.08,15668,1486,35.74500673,0.094842992,0.066493,767,51,69.25303781,1041.511373
12/4/2020,Posts - Facebook,0,0,0,0,0,0,0,0,0,0
12/4/2020,Prospecting - Discovery,1997.1504,156235,2166,0.922045429,0.013863731,0,50,0,39.943008,0
12/4/2020,Prospecting - Display,1.5522,718,4,0.38805,0.005571031,0,0,0,0,0
12/4/2020,Prospecting - Facebook,1325.2,53414,291,4.55395189,0.00544801,0.008772,114,1,11.6245614,1325.2
12/4/2020,Prospecting - YouTube,0,0,0,0,0,0,2,0,0,0
12/4/2020,RT - Discovery,2202.7846,54542,2399,0.918209504,0.043984452,0.12069,58,7,37.97904483,314.6835143
12/4/2020,RT - Display,6.474,910,5,1.2948,0.005494505,0,0,0,0,0
12/4/2020,RT - Facebook,1536.5,39875,155,9.912903226,0.003887147,0.023256,43,1,35.73255814,1536.5
12/4/2020,RT - YouTube,0,0,0,0,0,0,0,0,0,0
12/5/2020,Brand Search - Bing,3401.44,4190,406,8.377931034,0.096897375,0.091667,120,11,28.34533333,309.2218182
12/5/2020,Brand Search - Google,66798.9,8839,4385,15.23350057,0.496096844,0.127833,2206,282,30.28055304,236.8755319
12/5/2020,Monetization ,148.31,14643,243,0.610329218,0.01659496,0,0,0,0,0
12/5/2020,NB Search - Bing,447.02,1127,36,12.41722222,0.031943212,0,9,0,49.66888889,0
12/5/2020,NB Search - Google,34515.91,10715,991,34.82937437,0.092487168,0.065126,476,31,72.51241597,1113.416452
12/5/2020,Posts - Facebook,0,0,0,0,0,0,0,0,0,0
12/5/2020,Prospecting - Discovery,1741.5455,122179,2228,0.781663151,0.01823554,0.036364,55,2,31.66446364,870.77275
12/5/2020,Prospecting - Display,4.1053,860,9,0.456144444,0.010465116,0,0,0,0,0
12/5/2020,Prospecting - Facebook,1381.79,58146,293,4.716006826,0.00503904,0.040816,98,4,14.09989796,345.4475
12/5/2020,Prospecting - YouTube,0,0,0,0,0,0,0,0,0,0
12/5/2020,RT - Discovery,2497.2438,69316,2351,1.062204934,0.033917133,0.03125,32,1,78.03886875,2497.2438
12/5/2020,RT - Display,361.3486,46033,234,1.544224786,0.00508331,0,0,0,0,0
12/5/2020,RT - Facebook,1657.82,47272,150,11.05213333,0.003173126,0,52,0,31.88115385,0
12/5/2020,RT - YouTube,0,0,0,0,0,0,0,0,0,0
12/6/2020,Brand Search - Bing,3080.16,3225,371,8.302318059,0.11503876,0.09434,106,10,29.05811321,308.016
12/6/2020,Brand Search - Google,46326.22,6836,3361,13.78346325,0.491661791,0.081128,1738,141,26.65490219,328.5547518
12/6/2020,Monetization ,149.05,14094,262,0.56889313,0.018589471,0,0,0,0,0
12/6/2020,NB Search - Bing,369.15,822,30,12.305,0.03649635,0.111111,9,1,41.01666667,369.15
12/6/2020,NB Search - Google,28130.62,9245,823,34.18058323,0.089021092,0.052995,434,23,64.81709677,1223.070435
12/6/2020,Posts - Facebook,0,0,0,0,0,0,0,0,0,0
12/6/2020,Prospecting - Discovery,1967.544,148072,2677,0.734980949,0.018079043,0.017241,58,1,33.92317241,1967.544
12/6/2020,Prospecting - Display,3.3684,687,7,0.4812,0.010189229,0,0,0,0,0
12/6/2020,Prospecting - Facebook,1318.42,56661,345,3.821507246,0.006088844,0,129,0,10.22031008,0
12/6/2020,Prospecting - YouTube,0,0,0,0,0,0,0,0,0,0
12/6/2020,RT - Discovery,2668.2646,66943,2227,1.198143062,0.033267108,0.026316,38,1,70.21748947,2668.2646
12/6/2020,RT - Display,197.576,27711,126,1.568063492,0.004546931,0,0,0,0,0
12/6/2020,RT - Facebook,1564.38,44659,147,10.64204082,0.00329161,0.025641,39,1,40.11230769,1564.38
12/6/2020,RT - YouTube,0,0,0,0,0,0,0,0,0,0
12/7/2020,Brand Search - Bing,5709.92,5380,666,8.573453453,0.123791822,0.091837,196,18,29.1322449,317.2177778
12/7/2020,Brand Search - Google,93347.4283,13264,6231,14.98113117,0.469767793,0.117269,2959,347,31.5469511,269.0127617
12/7/2020,Monetization ,144.75,11760,420,0.344642857,0.035714286,0,0,0,0,0
12/7/2020,NB Search - Bing,595.78,1326,43,13.85534884,0.032428356,0.153846,13,2,45.82923077,297.89
12/7/2020,NB Search - Google,53038.63,16765,1511,35.10167439,0.090128243,0.054698,713,39,74.38798036,1359.964872
12/7/2020,Posts - Facebook,0,0,0,0,0,0,0,0,0,0
12/7/2020,Prospecting - Discovery,2070.8996,168076,2900,0.71410331,0.017254099,0.065574,61,4,33.94917377,517.7249
12/7/2020,Prospecting - Display,1.0021,616,3,0.334033333,0.00487013,0,0,0,0,0
12/7/2020,Prospecting - Facebook,1347.25,68709,296,4.55152027,0.004308024,0.018182,110,2,12.24772727,673.625
12/7/2020,Prospecting - YouTube,0,0,0,0,0,0,0,0,0,0
12/7/2020,RT - Discovery,2413.1133,73336,2401,1.005045106,0.032739719,0.102564,39,4,61.8747,603.278325
12/7/2020,RT - Display,198.0973,38381,115,1.722585217,0.002996274,0,0,0,0,0
12/7/2020,RT - Facebook,1571.22,56282,153,10.26941176,0.002718454,0.038462,26,1,60.43153846,1571.22
12/7/2020,RT - YouTube,0,0,0,0,0,0,0,0,0,0
12/8/2020,Brand Search - Bing,5188.48,4780,634,8.183722397,0.132635983,0.139785,186,26,27.89505376,199.5569231
12/8/2020,Brand Search - Google,82792.98,12086,5637,14.68741884,0.466407414,0.111913,2770,310,29.88916245,267.074129
12/8/2020,Monetization ,149.7,17961,267,0.560674157,0.014865542,0,0,0,0,0
12/8/2020,NB Search - Bing,513.97,1361,41,12.53585366,0.030124908,0,17,0,30.23352941,0
12/8/2020,NB Search - Google,54735.1,16330,1516,36.10494723,0.092835273,0.069061,724,50,75.60096685,1094.702
12/8/2020,Posts - Facebook,0,0,0,0,0,0,0,0,0,0
12/8/2020,Prospecting - Discovery,4128.0724,210405,5505,0.749876912,0.026163827,0.02439,82,2,50.34234634,2064.0362
12/8/2020,Prospecting - Display,3.223,645,8,0.402875,0.012403101,0,0,0,0,0
12/8/2020,Prospecting - Facebook,1351.16,65158,304,4.444605263,0.004665582,0.008065,124,1,10.89645161,1351.16
12/8/2020,Prospecting - YouTube,0,0,0,0,0,0,0,0,0,0
12/8/2020,RT - Discovery,2947.7079,88344,2986,0.987176122,0.033799692,0.051282,39,2,75.58225385,1473.85395
12/8/2020,RT - Display,210.1304,27092,95,2.211898947,0.00350657,0,0,0,0,0
12/8/2020,RT - Facebook,1581.86,46746,144,10.98513889,0.003080477,0.052632,38,2,41.62789474,790.93
12/9/2020,Brand Search - Bing,5304.36,5766,640,8.2880625,0.110995491,0.111111,171,19,31.01964912,279.1768421
12/9/2020,Brand Search - Google,83787.23,12397,5781,14.49355302,0.466322497,0.103915,2733,284,30.65760337,295.0254577
12/9/2020,Monetization ,152.37,14204,267,0.570674157,0.018797522,0,0,0,0,0
12/9/2020,NB Search - Bing,874.08,1200,66,13.24363636,0.055,0.1,20,2,43.704,437.04
12/9/2020,NB Search - Google,46794.61,15576,1358,34.4584757,0.087185413,0.059435,673,40,69.53136701,1169.86525
12/9/2020,Posts - Facebook,0,0,0,0,0,0,0,0,0,0
12/9/2020,Prospecting - Discovery,3609.8562,216379,5705,0.632753059,0.026365775,0,69,0,52.31675652,0
12/9/2020,Prospecting - Display,4.4898,998,10,0.44898,0.01002004,0,0,0,0,0
12/9/2020,Prospecting - Facebook,1354.4802,59469,290,4.670621379,0.00487649,0.008333,120,1,11.287335,1354.4802
12/9/2020,Prospecting - YouTube,0,0,0,0,0,0,0,0,0,0
12/9/2020,RT - Discovery,2750.0064,66702,2849,0.965253212,0.042712362,0.035088,57,2,48.24572632,1375.0032
12/9/2020,RT - Display,208.9753,31280,93,2.247046237,0.002973146,0,0,0,0,0
12/9/2020,RT - Facebook,1586.1498,45200,157,10.10286497,0.003473451,0,48,0,33.0447875,0
12/9/2020,RT - YouTube,0,0,0,0,0,0,0,0,0,0
12/10/2020,Brand Search - Bing,6094.09,5456,805,7.570298137,0.147543988,0.126761,213,27,28.61075117,225.707037
12/10/2020,Brand Search - Google,95402.57,12656,6050,15.76901983,0.478034134,0.124524,2891,360,32.99985126,265.0071389
12/10/2020,Monetization ,149.9,13936,240,0.624583333,0.017221584,0,0,0,0,0
12/10/2020,NB Search - Bing,741.36,1251,58,12.78206897,0.04636291,0.111111,27,3,27.45777778,247.12
12/10/2020,NB Search - Google,49483.66,15534,1403,35.26989309,0.090318012,0.048544,721,35,68.63198336,1413.818857
12/10/2020,Prospecting - Discovery,2394.5983,179743,4306,0.556107362,0.023956427,0,58,0,41.28617759,0
12/10/2020,Prospecting - Display,2.2647,529,5,0.45294,0.009451796,0,0,0,0,0
12/10/2020,Prospecting - Facebook,1358.43,60280,298,4.558489933,0.004943597,0,112,0,12.12883929,0
12/10/2020,Prospecting - Native,0,0,0,0,0,0,0,0,0,0
12/10/2020,Prospecting - YouTube,0,0,0,0,0,0,0,0,0,0
12/10/2020,RT - Discovery,2902.638,63613,2940,0.987291837,0.046216968,0,54,0,53.75255556,0
12/10/2020,RT - Display,200.6895,33256,110,1.82445,0.003307674,0,0,0,0,0
12/10/2020,RT - Facebook,1607.91,47220,151,10.6484106,0.003197798,0.02381,42,1,38.28357143,1607.91
12/10/2020,RT - YouTube,0,0,0,0,0,0,0,0,0,0
12/11/2020,Brand Search - Bing,5516.74,4606,676,8.160857988,0.146765089,0.114286,175,20,31.52422857,275.837
12/11/2020,Brand Search - Google,94912.53,12826,5831,16.27723032,0.454623421,0.140777,2472,348,38.39503641,272.7371552
12/11/2020,Monetization ,152.67,14730,245,0.623142857,0.016632722,0,0,0,0,0
12/11/2020,NB Search - Bing,763,1118,53,14.39622642,0.047406082,0.117647,17,2,44.88235294,381.5
12/11/2020,NB Search - Google,45650.78,14568,1309,34.87454545,0.089854476,0.088924,641,57,71.21806552,800.8908772
12/11/2020,Prospecting - Discovery,2923.0109,170544,5776,0.506061444,0.033868093,0.039474,76,3,38.46066974,974.3369667
12/11/2020,Prospecting - Display,1.1536,439,3,0.384533333,0.006833713,0,0,0,0,0
12/11/2020,Prospecting - Facebook,1358.77,56796,283,4.80130742,0.004982745,0,104,0,13.06509615,0
12/11/2020,Prospecting - YouTube,0,0,0,0,0,0,0,0,0,0
12/11/2020,RT - Discovery,2552.0973,67012,2752,0.927360938,0.041067272,0.047619,42,2,60.76422143,1276.04865
12/11/2020,RT - Display,207.1905,24455,95,2.180952632,0.003884686,0,0,0,0,0
12/11/2020,RT - Facebook,1601.0701,44970,154,10.39655909,0.003424505,0.02439,41,1,39.05049024,1601.0701
12/11/2020,RT - YouTube,0,0,0,0,0,0,0,0,0,0
12/12/2020,Brand Search - Bing,3238.13,3636,495,6.541676768,0.136138614,0.116071,112,13,28.911875,249.0869231
12/12/2020,Brand Search - Google,60022.96,7712,3728,16.1005794,0.48340249,0.120836,1771,214,33.89212874,280.4811215
12/12/2020,Monetization ,151.52,14929,230,0.658782609,0.015406256,0,0,0,0,0
12/12/2020,NB Search - Bing,493.53,811,32,15.4228125,0.03945746,0.181818,11,2,44.86636364,246.765
12/12/2020,NB Search - Google,35131.42,10417,977,35.95846469,0.093788999,0.048682,493,24,71.26048682,1463.809167
12/12/2020,Prospecting - Discovery,2952.0837,162224,4066,0.726041244,0.025064109,0.026667,75,2,39.361116,1476.04185
12/12/2020,Prospecting - Display,1.7721,688,4,0.443025,0.005813953,0,0,0,0,0
12/12/2020,Prospecting - Facebook,1431.43,63258,321,4.459283489,0.005074457,0.017699,113,2,12.66752212,715.715
12/12/2020,Prospecting - YouTube,0,0,0,0,0,0,0,0,0,0
12/12/2020,RT - Discovery,2653.1859,71978,2577,1.029563795,0.035802606,0.045455,44,2,60.29967955,1326.59295
12/12/2020,RT - Display,212.611,31988,116,1.832853448,0.00362636,0,0,0,0,0
12/12/2020,RT - Facebook,1687.39,52039,149,11.3247651,0.002863237,0,31,0,54.43193548,0
12/12/2020,RT - YouTube,0,0,0,0,0,0,0,0,0,0
12/13/2020,Brand Search - Bing,2952.74,3830,570,5.180245614,0.148825065,0.056604,106,6,27.85603774,492.1233333
12/13/2020,Brand Search - Google,40759.69,6127,2966,13.74230951,0.484086829,0.083108,1480,123,27.54033108,331.3795935
12/13/2020,Monetization ,150.25,15780,255,0.589215686,0.016159696,0,0,0,0,0
12/13/2020,NB Search - Bing,402.58,755,30,13.41933333,0.039735099,0,12,0,33.54833333,0
12/13/2020,NB Search - Google,31572.74,9076,886,35.63514673,0.097620097,0.054795,438,24,72.08388128,1315.530833
12/13/2020,Prospecting - Discovery,3096.6633,216541,4233,0.73155287,0.019548261,0.037037,81,3,38.23041111,1032.2211
12/13/2020,Prospecting - Display,3.9525,896,9,0.439166667,0.010044643,0,0,0,0,0
12/13/2020,Prospecting - Facebook,1334.28,59883,351,3.801367521,0.00586143,0,135,0,9.883555556,0
12/13/2020,Prospecting - YouTube,0,0,0,0,0,0,0,0,0,0
12/13/2020,RT - Discovery,2887.9438,81455,2682,1.076787397,0.032926156,0,36,0,80.22066111,0
12/13/2020,RT - Display,192.2991,30817,106,1.814142453,0.00343966,0,0,0,0,0
12/13/2020,RT - Facebook,1581.31,46362,144,10.98131944,0.003105992,0.057143,35,2,45.18028571,790.655
12/13/2020,RT - YouTube,0,0,0,0,0,0,0,0,0,0
12/14/2020,Brand Search - Bing,4893.38,4311,677,7.228035451,0.15704013,0.142045,176,25,27.80329545,195.7352
12/14/2020,Brand Search - Google,81514.2008,11371,5445,14.97046847,0.478849705,0.112613,2220,250,36.71810847,326.0568032
12/14/2020,Monetization ,143.68,12207,370,0.388324324,0.030310478,0,0,0,0,0
12/14/2020,NB Search - Bing,610.31,1305,44,13.87068182,0.033716475,0.086957,23,2,26.53521739,305.155
12/14/2020,NB Search - Google,49991.19,15096,1415,35.3294629,0.093733439,0.059613,671,40,74.50251863,1249.77975
12/14/2020,Prospecting - Discovery,2704.1235,144804,3382,0.799563424,0.023355708,0.035088,57,2,47.44076316,1352.06175
12/14/2020,Prospecting - Display,1.8914,709,5,0.37828,0.007052186,0,0,0,0,0
12/14/2020,Prospecting - Facebook,1343.9201,62035,265,5.071396604,0.004271782,0,96,0,13.99916771,0
12/14/2020,Prospecting - YouTube,0,0,0,0,0,0,0,0,0,0
12/14/2020,RT - Discovery,2895.9249,68887,2607,1.110826582,0.037844586,0,52,0,55.69086346,0
12/14/2020,RT - Display,203.4019,38221,118,1.723744915,0.003087308,0,0,0,0,0
12/14/2020,RT - Facebook,1565.3699,57491,164,9.544938415,0.00285262,0.025641,39,1,40.13768974,1565.3699
12/14/2020,RT - YouTube,0,0,0,0,0,0,0,0,0,0
12/15/2020,Brand Search - Bing,4346.51,4012,596,7.292802013,0.148554337,0.119048,168,20,25.87208333,217.3255
12/15/2020,Brand Search - Google,67794.01,10764,4829,14.03893353,0.448625046,0.113918,2098,239,32.3136368,283.6569456
12/15/2020,Monetization ,148.88,16860,213,0.698967136,0.012633452,0,0,0,0,0
12/15/2020,NB Search - Bing,612.81,1220,44,13.9275,0.036065574,0.083333,12,1,51.0675,612.81
12/15/2020,NB Search - Google,46829.37,14545,1332,35.15718468,0.091577862,0.042857,630,27,74.33233333,1734.421111
12/15/2020,Prospecting - Discovery,3001.4847,173348,4238,0.708231406,0.024447931,0.038961,77,3,38.98032078,1000.4949
12/15/2020,Prospecting - Display,1.2317,678,3,0.410566667,0.004424779,0,0,0,0,0
12/15/2020,Prospecting - Facebook,1338.23,54869,310,4.316870968,0.00564982,0.008197,122,1,10.96909836,1338.23
12/15/2020,RT - Discovery,2510.1891,59058,1988,1.262670573,0.033661824,0.078947,38,3,66.05760789,836.7297
12/15/2020,RT - Display,197.7935,26926,109,1.814619266,0.004048132,0,0,0,0,0
12/15/2020,RT - Facebook,1573.06,46433,149,10.55744966,0.003208925,0.05,40,2,39.3265,786.53
12/15/2020,RT - Native,0,0,0,0,0,0,0,0,0,0
12/16/2020,Brand Search - Bing,4350.26,3730,595,7.311361345,0.159517426,0.163399,153,25,28.4330719,174.0104
12/16/2020,Brand Search - Google,57288.41,10466,4309,13.29505918,0.411714122,0.1199,2010,241,28.50169652,237.7112448
12/16/2020,Monetization ,151.8802,15474,261,0.581916475,0.016867003,0,0,0,0,0
12/16/2020,NB Search - Bing,724.85,1348,53,13.67641509,0.039317507,0.055556,18,1,40.26944444,724.85
12/16/2020,NB Search - Google,46947.76,14243,1343,34.957379,0.094291933,0.078704,648,51,72.45024691,920.5443137
12/16/2020,Prospecting - Discovery,2541.8679,146010,3485,0.729373859,0.023868228,0.013889,72,1,35.30372083,2541.8679
12/16/2020,Prospecting - Display,2.0177,1199,5,0.40354,0.004170142,0,0,0,0,0
12/16/2020,Prospecting - Facebook,1368.05,60339,301,4.545016611,0.004988482,0,111,0,12.32477477,0
12/16/2020,Prospecting - YouTube,0,0,0,0,0,0,0,0,0,0
12/16/2020,RT - Discovery,2673.3942,63309,2199,1.215731787,0.034734398,0.025641,39,1,68.54856923,2673.3942
12/16/2020,RT - Display,186.6541,30759,97,1.924269072,0.003153549,0,0,0,0,0
12/16/2020,RT - Facebook,1582.99,50051,186,8.510698925,0.003716209,0.02381,42,1,37.6902381,1582.99
12/17/2020,Brand Search - Bing,4045.1,3676,571,7.084238179,0.155331882,0.104046,173,18,23.38208092,224.7277778
12/17/2020,Brand Search - Google,64829.55,10533,4489,14.44186901,0.426184373,0.13617,2115,288,30.6522695,225.1026042
12/17/2020,Monetization ,147.05,12096,199,0.738944724,0.01645172,0,0,0,0,0
12/17/2020,NB Search - Bing,404.86,1283,31,13.06,0.02416212,0.076923,13,1,31.14307692,404.86
12/17/2020,NB Search - Google,42505.03,13394,1269,33.4949015,0.094743915,0.064103,624,40,68.11703526,1062.62575
12/17/2020,Prospecting - Discovery,2687.9062,165947,3894,0.69026867,0.023465323,0.013889,72,1,37.33203056,2687.9062
12/17/2020,Prospecting - Display,1.1571,832,4,0.289275,0.004807692,0,0,0,0,0
12/17/2020,Prospecting - Facebook,1339.4702,56058,276,4.853152899,0.004923472,0.009174,109,1,12.28871743,1339.4702
12/17/2020,RT - Discovery,2547.6633,61288,2024,1.258726927,0.033024409,0.064516,31,2,82.1826871,1273.83165
12/17/2020,RT - Display,189.8754,26823,92,2.063863043,0.003429892,0,0,0,0,0
12/17/2020,RT - Facebook,1590.5799,48778,185,8.597729189,0.003792693,0.042553,47,2,33.84212553,795.28995
12/18/2020,Brand Search - Bing,4602.86,3836,649,7.092234206,0.169186653,0.138554,166,23,27.72807229,200.1243478
12/18/2020,Brand Search - Google,70370.42,11078,4855,14.49442225,0.438256003,0.158148,2289,362,30.74286588,194.3934254
12/18/2020,Monetization ,154.18,11865,370,0.416702703,0.031184155,0,0,0,0,0
12/18/2020,NB Search - Bing,488.37,1208,33,14.79909091,0.027317881,0.272727,11,3,44.39727273,162.79
12/18/2020,NB Search - Google,37886.91,13357,1149,32.97381201,0.08602231,0.073874,555,41,68.2647027,924.0709756
12/18/2020,Posts - Facebook,0,0,0,0,0,0,0,0,0,0
12/18/2020,Prospecting - Discovery,2760.5549,183104,4255,0.64877906,0.02323816,0.084746,59,5,46.7890661,552.11098
12/18/2020,Prospecting - Display,0,434,0,0,0,0,0,0,0,0
12/18/2020,Prospecting - Facebook,1531.7599,61917,291,5.263779725,0.00469984,0.020202,99,2,15.47232222,765.87995
12/18/2020,Prospecting - YouTube,0,0,0,0,0,0,0,0,0,0
12/18/2020,RT - Discovery,2997.3341,57358,1981,1.513040939,0.034537466,0.085714,35,3,85.63811714,999.1113667
12/18/2020,RT - Display,185.7469,21973,82,2.265206098,0.003731853,0,0,0,0,0
12/18/2020,RT - Facebook,1659.93,53268,147,11.29204082,0.002759631,0,20,0,82.9965,0
12/19/2020,Brand Search - Bing,2341.97,2625,356,6.578567416,0.135619048,0.09901,101,10,23.18782178,234.197
12/19/2020,Brand Search - Google,48017.16,7558,3355,14.31211923,0.443900503,0.145923,1631,238,29.44031882,201.7527731
12/19/2020,Monetization ,154.08,11667,374,0.41197861,0.032056227,0,0,0,0,0
12/19/2020,NB Search - Bing,372.7,930,27,13.8037037,0.029032258,0,11,0,33.88181818,0
12/19/2020,NB Search - Google,33410.86,9925,927,36.04192017,0.093400504,0.074689,482,36,69.31713693,928.0794444
12/19/2020,Posts - Facebook,0,0,0,0,0,0,0,0,0,0
12/19/2020,Prospecting - Discovery,4723.722,213381,7771,0.607865397,0.036418425,0.025316,79,2,59.79394937,2361.861
12/19/2020,Prospecting - Display,1.9558,904,6,0.325966667,0.006637168,0,0,0,0,0
12/19/2020,Prospecting - Facebook,1675.73,72155,342,4.899795322,0.004739796,0,121,0,13.84900826,0
12/19/2020,RT - Discovery,2983.2186,74624,2218,1.345003877,0.029722341,0.027778,36,1,82.86718333,2983.2186
12/19/2020,RT - Display,171.2813,16494,74,2.314612162,0.00448648,0,0,0,0,0
12/19/2020,RT - Facebook,1646.76,55692,152,10.83394737,0.002729297,0,28,0,58.81285714,0
12/20/2020,Brand Search - Bing,1779.2,1960,266,6.688721805,0.135714286,0.021505,93,2,19.1311828,889.6
12/20/2020,Brand Search - Google,32108.36,5796,2464,13.03099026,0.425120773,0.091459,1323,121,24.26935752,265.3583471
12/20/2020,Monetization ,150.23,10098,398,0.377462312,0.039413745,0,0,0,0,0
12/20/2020,NB Search - Bing,389.27,977,27,14.41740741,0.027635619,0,5,0,77.854,0
12/20/2020,NB Search - Google,32747.55,8862,890,36.795,0.100428797,0.063158,475,30,68.94221053,1091.585
12/20/2020,Posts - Facebook,0,0,0,0,0,0,0,0,0,0
12/20/2020,Prospecting - Discovery,3620.4426,204465,3931,0.920997863,0.019225784,0.012658,79,1,45.82838734,3620.4426
12/20/2020,Prospecting - Display,4.6252,893,11,0.420472727,0.012318029,0,0,0,0,0
12/20/2020,Prospecting - Facebook,1619.25,72953,353,4.587110482,0.004838732,0.014493,138,2,11.73369565,809.625
12/20/2020,RT - Discovery,2762.5453,61907,2004,1.378515619,0.032371137,0.060606,33,2,83.71349394,1381.27265
12/20/2020,RT - Display,179.1646,27341,94,1.906006383,0.00343806,0,0,0,0,0
12/20/2020,RT - Facebook,1566.46,55173,160,9.790375,0.002899969,0.033333,30,1,52.21533333,1566.46
12/21/2020,Brand Search - Bing,3870.44,3718,582,6.65024055,0.156535772,0.152047,171,26,22.63415205,148.8630769
12/21/2020,Brand Search - Google,65856.4,10942,4611,14.282455,0.421403765,0.115908,2131,247,30.90398874,266.6251012
12/21/2020,Monetization ,148.71,11944,366,0.406311475,0.030643001,0,0,0,0,0
12/21/2020,NB Search - Bing,610.09,1286,41,14.8802439,0.031881804,0.117647,17,2,35.88764706,305.045
12/21/2020,NB Search - Google,49991.1,14472,1407,35.53027719,0.097222222,0.058647,665,39,75.17458647,1281.823077
12/21/2020,Posts - Facebook,0,0,0,0,0,0,0,0,0,0
12/21/2020,Prospecting - Discovery,3501.1879,249292,3334,1.050146341,0.013373875,0.027397,73,2,47.96147808,1750.59395
12/21/2020,Prospecting - Display,5.2518,1171,13,0.403984615,0.011101623,0,0,0,0,0
12/21/2020,Prospecting - Facebook,1707.22,86978,316,5.402594937,0.003633103,0.008621,116,1,14.71741379,1707.22
12/21/2020,RT - Discovery,2990.1659,66772,2215,1.349962032,0.033172587,0.117647,34,4,87.94605588,747.541475
12/21/2020,RT - Display,196.6343,29868,93,2.114347312,0.0031137,0,0,0,0,0
12/21/2020,RT - Facebook,1601.5,56892,164,9.765243902,0.002882655,0,32,0,50.046875,0
12/22/2020,Brand Search - Bing,3819.13,3385,569,6.712003515,0.168094535,0.152632,190,29,20.10068421,131.6941379
12/22/2020,Brand Search - Google,54957.7,9742,3992,13.76695892,0.409772121,0.142488,1937,276,28.37258647,199.1221014
12/22/2020,Monetization ,150.03,10366,335,0.447850746,0.032317191,0,0,0,0,0
12/22/2020,NB Search - Bing,677.17,1205,53,12.77679245,0.043983402,0.052632,19,1,35.64052632,677.17
12/22/2020,NB Search - Google,45932.02,13692,1303,35.25097467,0.09516506,0.069767,645,45,71.21243411,1020.711556
12/22/2020,Posts - Facebook,0,0,0,0,0,0,0,0,0,0
12/22/2020,Prospecting - Discovery,3495.3524,199161,3983,0.877567763,0.019998895,0.016129,62,1,56.37665161,3495.3524
12/22/2020,Prospecting - Display,5.6415,1858,15,0.3761,0.008073197,0,0,0,0,0
12/22/2020,Prospecting - Facebook,1759.7,87397,356,4.942977528,0.004073366,0,107,0,16.44579439,0
12/22/2020,RT - Discovery,2783.4967,63698,2236,1.244855411,0.035103143,0.045455,44,2,63.26128864,1391.74835
12/22/2020,RT - Display,182.1289,21344,79,2.305429114,0.003701274,0,0,0,0,0
12/22/2020,RT - Facebook,1630.25,62038,178,9.158707865,0.002869209,0,34,0,47.94852941,0
12/23/2020,Brand Search - Bing,3227,3199,482,6.695020747,0.150672085,0.141935,155,22,20.81935484,146.6818182
12/23/2020,Brand Search - Google,55057.59,9405,4121,13.36024994,0.438171186,0.125268,1868,234,29.47408458,235.2888462
12/23/2020,Monetization ,150.26,9745,379,0.39646438,0.038891739,0,0,0,0,0
12/23/2020,NB Search - Bing,500.14,1068,43,11.63116279,0.040262172,0.052632,19,1,26.32315789,500.14
12/23/2020,NB Search - Google,46216.87,11845,1243,37.1817136,0.104938793,0.072441,635,46,72.78247244,1004.714565
12/23/2020,Posts - Facebook,0,0,0,0,0,0,0,0,0,0
12/23/2020,Prospecting - Discovery,3368.8783,201975,5642,0.597107107,0.02793415,0.047619,63,3,53.47425873,1122.959433
12/23/2020,Prospecting - Display,7.8616,2118,18,0.436755556,0.008498584,0,0,0,0,0
12/23/2020,Prospecting - Facebook,1803.86,84088,359,5.024679666,0.004269337,0.023077,130,3,13.87584615,601.2866667
12/23/2020,Prospecting - Native,0,0,0,0,0,0,0,0,0,0
12/23/2020,Prospecting - YouTube,0,0,0,0,0,0,0,0,0,0
12/23/2020,RT - Discovery,2686.9328,70005,2534,1.060352328,0.036197414,0.078947,38,3,70.70875789,895.6442667
12/23/2020,RT - Display,176.5391,16957,60,2.942318333,0.003538362,0,0,0,0,0
12/23/2020,RT - Facebook,1665.39,58099,156,10.67557692,0.002685072,0.032258,31,1,53.72225806,1665.39
12/24/2020,Brand Search - Bing,2532.16,2403,356,7.112808989,0.148148148,0.191011,89,17,28.45123596,148.9505882
12/24/2020,Brand Search - Google,45063.51,6757,3165,14.23807583,0.468403137,0.142964,1343,192,33.55436337,234.7057813
12/24/2020,Monetization ,148.18,8185,327,0.453149847,0.03995113,0,0,0,0,0
12/24/2020,NB Search - Bing,355.24,785,28,12.68714286,0.03566879,0,5,0,71.048,0
12/24/2020,NB Search - Google,28423.39,7512,772,36.81786269,0.102768903,0.066832,404,27,70.35492574,1052.718148
12/24/2020,Prospecting - Discovery,3617.0455,230992,5901,0.612954669,0.025546339,0,60,0,60.28409167,0
12/24/2020,Prospecting - Display,4.281,1751,9,0.475666667,0.00513992,0,0,0,0,0
12/24/2020,Prospecting - Facebook,1802.76,91629,346,5.210289017,0.003776097,0,109,0,16.53908257,0
12/24/2020,RT - Discovery,2368.8643,67602,2167,1.093153807,0.032055265,0.043478,23,1,102.9941,2368.8643
12/24/2020,RT - Display,163.2571,26459,72,2.267459722,0.002721191,0,0,0,0,0
12/24/2020,RT - Facebook,1674.57,64824,168,9.967678571,0.002591633,0.045455,22,1,76.11681818,1674.57
12/25/2020,Brand Search - Bing,1208.68,1813,177,6.828700565,0.09762824,0.048387,62,3,19.49483871,402.8933333
12/25/2020,Brand Search - Google,22047.74,3686,1640,13.4437439,0.44492675,0.122699,815,100,27.05244172,220.4774
12/25/2020,Monetization ,151.44,12446,326,0.464539877,0.026193154,0,0,0,0,0
12/25/2020,NB Search - Bing,164.13,603,12,13.6775,0.019900498,0.125,8,1,20.51625,164.13
12/25/2020,NB Search - Google,19883.44,5710,548,36.28364964,0.095971979,0.035587,281,10,70.75957295,1988.344
12/25/2020,Prospecting - Discovery,2990.9478,185208,3248,0.920858313,0.017537039,0,52,0,57.51822692,0
12/25/2020,Prospecting - Display,14.1267,2253,26,0.543334615,0.011540169,0,0,0,0,0
12/25/2020,Prospecting - Facebook,1838.09,108948,381,4.824383202,0.003497081,0.008696,115,1,15.9833913,1838.09
12/25/2020,Prospecting - YouTube,0,0,0,0,0,0,0,0,0,0
12/25/2020,RT - Discovery,2407.5971,46946,1779,1.353342945,0.037894602,0.047619,42,2,57.32374048,1203.79855
12/25/2020,RT - Display,163.9317,21571,69,2.375821739,0.003198739,0,0,0,0,0
12/25/2020,RT - Facebook,1708.31,75487,155,11.02135484,0.002053334,0,21,0,81.34809524,0
12/26/2020,Brand Search - Bing,2473.21,2545,379,6.525620053,0.14891945,0.107692,130,14,19.02469231,176.6578571
12/26/2020,Brand Search - Google,45622.52,7251,3381,13.49379474,0.466280513,0.128283,1637,210,27.86959071,217.2500952
12/26/2020,Monetization ,151.15,9917,371,0.407412399,0.037410507,0,0,0,0,0
12/26/2020,NB Search - Bing,361.15,920,24,15.04791667,0.026086957,0,7,0,51.59285714,0
12/26/2020,NB Search - Google,36774.54,9553,942,39.03878981,0.098607767,0.062249,498,31,73.84445783,1186.275484
12/26/2020,Prospecting - Discovery,3208.9844,149394,3774,0.850287334,0.025262059,0,75,0,42.78645867,0
12/26/2020,Prospecting - Display,10.1473,3178,22,0.461240909,0.006922593,0,0,0,0,0
12/26/2020,Prospecting - Facebook,1936.8401,94544,413,4.689685472,0.004368336,0.036232,138,5,14.03507319,387.36802
12/26/2020,Prospecting - YouTube,0,0,0,0,0,0,0,0,0,0
12/26/2020,RT - Discovery,2382.3914,51515,2082,1.144280211,0.040415413,0.117647,34,4,70.07033529,595.59785
12/26/2020,RT - Display,173.3528,23763,93,1.864008602,0.003913647,0,0,0,0,0
12/26/2020,RT - Facebook,1813.46,73750,149,12.17087248,0.002020339,0,22,0,82.43,0
12/26/2020,RT - YouTube,0,0,0,0,0,0,0,0,0,0
12/27/2020,Brand Search - Bing,2328.11,2265,362,6.431243094,0.1598234,0.152381,105,16,22.17247619,145.506875
12/27/2020,Brand Search - Google,34940.62,6221,2846,12.27709768,0.45748272,0.091463,1476,135,23.67250678,258.8194074
12/27/2020,Monetization ,150.2,9707,376,0.399468085,0.038734934,0,0,0,0,0
12/27/2020,NB Search - Bing,318.81,786,22,14.49136364,0.027989822,0.2,5,1,63.762,318.81
12/27/2020,NB Search - Google,37218.87,10552,1104,33.71274457,0.104624716,0.051587,504,26,73.84696429,1431.495
12/27/2020,Prospecting - Discovery,3381.0035,176535,5313,0.636364295,0.030096015,0,86,0,39.31399419,0
12/27/2020,Prospecting - Display,17.7525,4583,35,0.507214286,0.007636919,0,0,0,0,0
12/27/2020,Prospecting - Facebook,1842.92,91770,398,4.630452261,0.004336929,0.006944,144,1,12.79805556,1842.92
12/27/2020,RT - Discovery,2345.4774,50427,1923,1.219697036,0.038134333,0.032258,31,1,75.66056129,2345.4774
12/27/2020,RT - Display,183.6523,23686,99,1.855073737,0.004179684,0,0,0,0,0
12/27/2020,RT - Facebook,1706.88,70830,165,10.34472727,0.002329521,0,38,0,44.91789474,0
12/28/2020,Brand Search - Bing,4715.66,3950,680,6.934794118,0.172151899,0.146919,211,31,22.34909953,152.1180645
12/28/2020,Brand Search - Google,74464.84,11974,5307,14.03143772,0.443210289,0.114612,2539,291,29.32841276,255.892921
12/28/2020,Monetization ,105.77,6303,286,0.369825175,0.045375218,0,0,0,0,0
12/28/2020,NB Search - Bing,817.9,1501,65,12.58307692,0.043304464,0.034483,29,1,28.20344828,817.9
12/28/2020,NB Search - Google,71428.55,19292,2036,35.08278487,0.105535973,0.042904,909,39,78.57926293,1831.501282
12/28/2020,Prospecting - Discovery,3563.8797,156617,4806,0.741548002,0.030686324,0.032258,93,3,38.3212871,1187.9599
12/28/2020,Prospecting - Display,11.4177,3769,24,0.4757375,0.006367737,0,0,0,0,0
12/28/2020,Prospecting - Facebook,1781.67,95416,410,4.345536585,0.004296973,0.019608,153,3,11.64490196,593.89
12/28/2020,Prospecting - YouTube,0,0,0,0,0,0,0,0,0,0
12/28/2020,RT - Discovery,2668.4252,50347,2038,1.309335231,0.040479075,0.12069,58,7,46.00733103,381.2036
12/28/2020,RT - Display,193.9238,24927,86,2.254927907,0.003450074,0,0,0,0,0
12/28/2020,RT - Facebook,1460,60939,174,8.390804598,0.002855314,0,41,0,35.6097561,0
12/29/2020,Brand Search - Bing,4607.25,3806,654,7.044724771,0.171833946,0.091346,208,19,22.15024038,242.4868421
12/29/2020,Brand Search - Google,67279.39,11084,4868,13.82074569,0.439191628,0.120166,2405,289,27.97479834,232.8006574
12/29/2020,Monetization ,98.48,6464,283,0.347985866,0.043780941,0,0,0,0,0
12/29/2020,NB Search - Bing,964.4,1563,69,13.97681159,0.044145873,0.058824,34,2,28.36470588,482.2
12/29/2020,NB Search - Google,71023.42,21791,2619,27.11852616,0.120187233,0.052692,873,46,81.35557847,1543.987391
12/29/2020,Prospecting - Discovery,3348.453,119220,4425,0.756712542,0.037116256,0.022727,88,2,38.05060227,1674.2265
12/29/2020,Prospecting - Display,14.6399,4070,35,0.418282857,0.008599509,0,0,0,0,0
12/29/2020,Prospecting - Facebook,1737.75,94127,391,4.444373402,0.004153962,0.014184,141,2,12.32446809,868.875
12/29/2020,Prospecting - Native,0,0,0,0,0,0,0,0,0,0
12/29/2020,RT - Discovery,3260.1015,69060,2347,1.38905049,0.033984941,0.05,60,3,54.335025,1086.7005
12/29/2020,RT - Display,207.5458,30283,96,2.161935417,0.003170095,0,0,0,0,0
12/29/2020,RT - Facebook,1269.71,52053,143,8.879090909,0.0027472,0.033333,30,1,42.32366667,1269.71
12/30/2020,Brand Search - Bing,4580.98,3913,675,6.786637037,0.172501917,0.158974,195,31,23.49220513,147.7735484
12/30/2020,Brand Search - Google,72092.16,12529,5442,13.24736494,0.434352303,0.138167,2772,383,26.00727273,188.2301828
12/30/2020,Monetization ,37.19,2464,98,0.379489796,0.039772727,0,0,0,0,0
12/30/2020,NB Search - Bing,1182.3,1677,72,16.42083333,0.04293381,0,24,0,49.2625,0
12/30/2020,NB Search - Google,58157.75,17926,2057,28.27309188,0.114749526,0.066085,802,53,72.51589776,1097.316038
12/30/2020,Prospecting - Discovery,2671.8721,112667,4563,0.585551633,0.04049988,0.074074,54,4,49.47911296,667.968025
12/30/2020,Prospecting - Display,0.8367,1137,3,0.2789,0.002638522,0,0,0,0,0
12/30/2020,Prospecting - Facebook,815.2,46059,186,4.382795699,0.004038299,0,73,0,11.16712329,0
12/30/2020,RT - Discovery,1333.8122,27368,1117,1.194102238,0.040814089,0.185185,27,5,49.40045185,266.76244
12/30/2020,RT - Display,93.5165,11489,39,2.397858974,0.003394551,0,0,0,0,0
12/30/2020,RT - Facebook,636.83,24195,64,9.95046875,0.002645175,0.1,20,2,31.8415,318.415
12/31/2020,Brand Search - Bing,4666.87,3713,693,6.734300144,0.18664153,0.188073,218,41,21.40766055,113.8260976
12/31/2020,Brand Search - Google,85704.66,12847,6260,13.69084026,0.487273293,0.206802,2911,602,29.44165579,142.3665449
12/31/2020,Monetization ,0,0,0,0,0,0,0,0,0,0
12/31/2020,NB Search - Bing,397.82,663,26,15.30076923,0.039215686,0.153846,13,2,30.60153846,198.91
12/31/2020,NB Search - Google,23774.63,6861,924,25.73011905,0.134674246,0.131646,395,52,60.18893671,457.2044231
12/31/2020,Prospecting - Discovery,0,0,0,0,0,0.25,8,2,0,0
12/31/2020,Prospecting - Display,0,0,0,0,0,0,0,0,0,0
12/31/2020,Prospecting - Facebook,0,0,0,0,0,0,3,0,0,0
12/31/2020,Prospecting - Native,0,0,0,0,0,0,0,0,0,0
12/31/2020,Prospecting - YouTube,0,0,0,0,0,0,0,0,0,0
12/31/2020,RT - Discovery,0,0,0,0,0,0.444444,9,4,0,0
12/31/2020,RT - Display,0,0,0,0,0,0,1,0,0,0
12/31/2020,RT - Facebook,0,0,0,0,0,0,0,0,0,0
12/31/2020,RT - YouTube,0,0,0,0,0,0,0,0,0,0
